<?xml version="1.0" encoding="UTF-8"?>
<!DOCTYPE html PUBLIC "-//W3C//DTD XHTML 1.0 Transitional//EN"
    "http://www.w3.org/TR/xhtml1/DTD/xhtml1-transitional.dtd">
<html xmlns="http://www.w3.org/1999/xhtml" xml:lang="en" lang="en">
 <head>
  <title>
</title>
<meta http-equiv="Content-Type" content="text/html;charset=utf-8" />
  <meta name='ocr-system' content='tesseract 3.04.00' />
  <meta name='ocr-capabilities' content='ocr_page ocr_carea ocr_par ocr_line ocrx_word'/>
</head>
<body>
  <div class='ocr_page' id='page_1' title='image "./quaaeschylvsart00ribbgoog_0008.png"; bbox 0 0 3690 5324; ppageno 0'>
   <div class='ocr_carea' id='block_1_1' title="bbox 224 1471 1832 2440">
    <p class='ocr_par' dir='ltr' id='par_1_1' title="bbox 277 1471 1803 1803">
     <span class='ocr_line' id='line_1_1' title="bbox 286 1471 1800 1608; baseline -0.002 -42"><span class='ocrx_word' id='word_1_1' title='bbox 286 1499 303 1516; x_wconf 61' lang='lat'>&#39;⁴</span> <span class='ocrx_word' id='word_1_2' title='bbox 349 1471 480 1608; x_wconf 27' lang='lat' dir='ltr'>,Quod</span> <span class='ocrx_word' id='word_1_3' title='bbox 494 1499 651 1587; x_wconf 88' lang='lat' dir='ltr'>praeclaro</span> <span class='ocrx_word' id='word_1_4' title='bbox 663 1521 771 1594; x_wconf 16' lang='lat' dir='ltr'>,nuper</span> <span class='ocrx_word' id='word_1_5' title='bbox 782 1501 851 1568; x_wconf 88' lang='lat' dir='ltr'>eius</span> <span class='ocrx_word' id='word_1_6' title='bbox 862 1501 989 1583; x_wconf 86' lang='lat' dir='ltr'>fabulae,</span> <span class='ocrx_word' id='word_1_7' title='bbox 1006 1521 1077 1589; x_wconf 91' lang='lat' dir='ltr'>quae</span> <span class='ocrx_word' id='word_1_8' title='bbox 1090 1497 1224 1588; x_wconf 78' lang='lat' dir='ltr'>Septem</span> <span class='ocrx_word' id='word_1_9' title='bbox 1236 1496 1280 1565; x_wconf 88' lang='lat' dir='ltr'>ad</span> <span class='ocrx_word' id='word_1_10' title='bbox 1292 1495 1425 1565; x_wconf 79' lang='lat' dir='ltr'>Thebas</span> <span class='ocrx_word' id='word_1_11' title='bbox 1437 1498 1633 1582; x_wconf 78' lang='lat' dir='ltr'>inscribitur,</span> <span class='ocrx_word' id='word_1_12' title='bbox 1651 1499 1800 1589; x_wconf 86' lang='lat' dir='ltr'>exemplo</span> 
     </span>
     <span class='ocr_line' id='line_1_2' title="bbox 277 1602 1803 1709; baseline -0.002 -34"><span class='ocrx_word' id='word_1_13' title='bbox 277 1606 465 1675; x_wconf 88' lang='lat' dir='ltr'>felicissime</span> <span class='ocrx_word' id='word_1_14' title='bbox 488 1605 725 1672; x_wconf 86' lang='lat' dir='ltr'>demonstravit</span> <span class='ocrx_word' id='word_1_15' title='bbox 742 1602 781 1672; x_wconf 64' lang='lat' dir='ltr'>Fss</span> <span class='ocrx_word' id='word_1_16' title='bbox 802 1608 1016 1691; x_wconf 86' lang='lat' dir='ltr'>Ritachelius,</span> <span class='ocrx_word' id='word_1_17' title='bbox 1045 1605 1224 1674; x_wconf 89' lang='lat' dir='ltr'>certamin</span> <span class='ocrx_word' id='word_1_18' title='bbox 1252 1605 1463 1708; x_wconf 76' lang='lat' dir='ltr'>disponendis</span> <span class='ocrx_word' id='word_1_19' title='bbox 1489 1605 1644 1674; x_wconf 89' lang='lat' dir='ltr'>diverbiis</span> <span class='ocrx_word' id='word_1_20' title='bbox 1674 1604 1803 1709; x_wconf 87' lang='lat' dir='ltr'>quoqn&#39;e</span> 
     </span>
     <span class='ocr_line' id='line_1_3' title="bbox 278 1698 1803 1803; baseline -0.001 -22"><span class='ocrx_word' id='word_1_21' title='bbox 278 1713 528 1803; x_wconf 70' lang='lat' dir='ltr'>aequabilitatem</span> <span class='ocrx_word' id='word_1_22' title='bbox 550 1721 696 1778; x_wconf 88' lang='lat' dir='ltr'>secutum</span> <span class='ocrx_word' id='word_1_23' title='bbox 722 1735 795 1779; x_wconf 85' lang='lat' dir='ltr'>esse</span> <span class='ocrx_word' id='word_1_24' title='bbox 817 1710 1032 1801; x_wconf 72' lang='lat' dir='ltr'><strong>Aeschylum,</strong></span> <span class='ocrx_word' id='word_1_25' title='bbox 1059 1698 1303 1779; x_wconf 51' lang='lat' dir='ltr'>{antidoti</span> <span class='ocrx_word' id='word_1_26' title='bbox 1328 1698 1714 1802; x_wconf 40' lang='lat' dir='ltr'>nulla‘plebius&#39;fabbla‘</span> <span class='ocrx_word' id='word_1_27' title='bbox 1727 1702 1803 1781; x_wconf 83' lang='lat' dir='ltr'>con-</span> 
     </span>
    </p>

    <p class='ocr_par' dir='ltr' id='par_1_2' title="bbox 224 1809 1832 2440">
     <span class='ocr_line' id='line_1_4' title="bbox 231 1809 1832 1911; baseline -0.002 -22"><span class='ocrx_word' id='word_1_28' title='bbox 231 1830 232 1833; x_wconf 74' lang='grc'>’</span> <span class='ocrx_word' id='word_1_29' title='bbox 257 1819 266 1826; x_wconf 67' lang='grc'>”</span> <span class='ocrx_word' id='word_1_30' title='bbox 277 1818 423 1890; x_wconf 86' lang='lat' dir='ltr'>firmetur</span> <span class='ocrx_word' id='word_1_31' title='bbox 438 1811 540 1911; x_wconf 42' lang='lat' dir='ltr'>&#39;quam</span> <span class='ocrx_word' id='word_1_32' title='bbox 560 1821 805 1906; x_wconf 90' lang='lat' dir='ltr'>Prometheo,</span> <span class='ocrx_word' id='word_1_33' title='bbox 829 1824 919 1889; x_wconf 88' lang='lat' dir='ltr'>ouius</span> <span class='ocrx_word' id='word_1_34' title='bbox 938 1823 995 1888; x_wconf 89' lang='lat' dir='ltr'>vix</span> <span class='ocrx_word' id='word_1_35' title='bbox 1013 1821 1114 1888; x_wconf 89' lang='lat' dir='ltr'>ullam</span> <span class='ocrx_word' id='word_1_36' title='bbox 1135 1830 1261 1908; x_wconf 79' lang='lat' dir='ltr'>partem</span> <span class='ocrx_word' id='word_1_37' title='bbox 1278 1843 1350 1886; x_wconf 86' lang='lat' dir='ltr'>esse</span> <span class='ocrx_word' id='word_1_38' title='bbox 1365 1820 1461 1887; x_wconf 87' lang='lat' dir='ltr'>video</span> <span class='ocrx_word' id='word_1_39' title='bbox 1480 1823 1513 1886; x_wconf 91' lang='lat' dir='ltr'>in</span> <span class='ocrx_word' id='word_1_40' title='bbox 1528 1844 1591 1910; x_wconf 92' lang='lat' dir='ltr'>qua</span> <span class='ocrx_word' id='word_1_41' title='bbox 1606 1809 1732 1888; x_wconf 83' lang='lat' dir='ltr'>subtilis</span> <span class='ocrx_word' id='word_1_42' title='bbox 1746 1821 1804 1887; x_wconf 89' lang='lat' dir='ltr'>illa</span> <span class='ocrx_word' id='word_1_43' title='bbox 1831 1809 1832 1812; x_wconf 23' lang='lat'>¹</span> 
     </span>
     <span class='ocr_line' id='line_1_5' title="bbox 278 1926 1803 2017; baseline -0.002 -22"><span class='ocrx_word' id='word_1_44' title='bbox 278 1931 446 2017; x_wconf 83' lang='lat' dir='ltr'>diligentia</span> <span class='ocrx_word' id='word_1_45' title='bbox 474 1950 540 1994; x_wconf 91' lang='lat' dir='ltr'>non</span> <span class='ocrx_word' id='word_1_46' title='bbox 569 1937 686 2015; x_wconf 87' lang='lat' dir='ltr'>sponte</span> <span class='ocrx_word' id='word_1_47' title='bbox 715 1938 881 2016; x_wconf 83' lang='lat' dir='ltr'>appareat.</span> <span class='ocrx_word' id='word_1_48' title='bbox 925 1930 999 1995; x_wconf 88' lang='lat' dir='ltr'>Nec</span> <span class='ocrx_word' id='word_1_49' title='bbox 1025 1929 1111 2014; x_wconf 81' lang='lat' dir='ltr'>fugit</span> <span class='ocrx_word' id='word_1_50' title='bbox 1139 1936 1195 2001; x_wconf 90' lang='lat' dir='ltr'>aut</span> <span class='ocrx_word' id='word_1_51' title='bbox 1219 1926 1434 1993; x_wconf 88' lang='lat' dir='ltr'>Welckerum</span> <span class='ocrx_word' id='word_1_52' title='bbox 1456 1927 1532 1993; x_wconf 91' lang='lat' dir='ltr'>olim</span> <span class='ocrx_word' id='word_1_53' title='bbox 1554 1928 1595 1994; x_wconf 91' lang='lat' dir='ltr'>de</span> <span class='ocrx_word' id='word_1_54' title='bbox 1616 1928 1803 1994; x_wconf 83' lang='lat' dir='ltr'>Promethei</span> 
     </span>
     <span class='ocr_line' id='line_1_6' title="bbox 276 2020 1801 2133; baseline -0.001 -32"><span class='ocrx_word' id='word_1_55' title='bbox 276 2035 406 2122; x_wconf 88' lang='lat' dir='ltr'>trilogia</span> <span class='ocrx_word' id='word_1_56' title='bbox 428 2034 645 2124; x_wconf 83' lang='lat' dir='ltr'>disputantem</span> <span class='ocrx_word' id='word_1_57' title='bbox 665 2036 713 2122; x_wconf 85' lang='lat' dir='ltr'>(p.</span> <span class='ocrx_word' id='word_1_58' title='bbox 735 2037 776 2099; x_wconf 89' lang='grc'>60</span> <span class='ocrx_word' id='word_1_59' title='bbox 797 2034 937 2122; x_wconf 83' lang='lat' dir='ltr'>append.</span> <span class='ocrx_word' id='word_1_60' title='bbox 959 2020 1017 2120; x_wconf 76' lang='grc'>69)</span> <span class='ocrx_word' id='word_1_61' title='bbox 1035 2034 1262 2122; x_wconf 89' lang='lat' dir='ltr'>quaternarius</span> <span class='ocrx_word' id='word_1_62' title='bbox 1283 2056 1550 2133; x_wconf 56' lang='lat' dir='ltr'>numerffifflss</span> <span class='ocrx_word' id='word_1_63' title='bbox 1569 2035 1660 2126; x_wconf 91' lang='lat' dir='ltr'>chori</span> <span class='ocrx_word' id='word_1_64' title='bbox 1682 2058 1801 2107; x_wconf 73' lang='lat' dir='ltr'>sernas)-</span> 
     </span>
     <span class='ocr_line' id='line_1_7' title="bbox 224 2120 1803 2234; baseline -0.002 -24"><span class='ocrx_word' id='word_1_65' title='bbox 224 2188 231 2199; x_wconf 85' lang='lat'><strong>·</strong></span> <span class='ocrx_word' id='word_1_66' title='bbox 277 2167 336 2210; x_wconf 89' lang='lat' dir='ltr'>nes</span> <span class='ocrx_word' id='word_1_67' title='bbox 351 2143 472 2231; x_wconf 89' lang='lat' dir='ltr'>ubique</span> <span class='ocrx_word' id='word_1_68' title='bbox 491 2143 561 2208; x_wconf 87' lang='lat' dir='ltr'>fere</span> <span class='ocrx_word' id='word_1_69' title='bbox 577 2141 701 2208; x_wconf 87' lang='lat' dir='ltr'>definiti</span> <span class='ocrx_word' id='word_1_70' title='bbox 718 2152 807 2225; x_wconf 86' lang='lat' dir='ltr'>aunt,</span> <span class='ocrx_word' id='word_1_71' title='bbox 828 2153 884 2209; x_wconf 90' lang='lat' dir='ltr'>aut</span> <span class='ocrx_word' id='word_1_72' title='bbox 900 2140 942 2210; x_wconf 78' lang='lat' dir='ltr'>G.</span> <span class='ocrx_word' id='word_1_73' title='bbox 960 2120 1321 2224; x_wconf 55' lang='lat' dir='ltr'>Hermannumlelem.</span> <span class='ocrx_word' id='word_1_74' title='bbox 1338 2140 1367 2206; x_wconf 85' lang='lat' dir='ltr'>d.</span> <span class='ocrx_word' id='word_1_75' title='bbox 1383 2165 1427 2207; x_wconf 87' lang='lat' dir='ltr'>m.</span> <span class='ocrx_word' id='word_1_76' title='bbox 1444 2143 1518 2226; x_wconf 83' lang='grc'>784)</span> <span class='ocrx_word' id='word_1_77' title='bbox 1533 2126 1803 2234; x_wconf 66' lang='lat' dir='ltr'>anapaestiooru&#39;m</span> 
     </span>
     <span class='ocr_line' id='line_1_8' title="bbox 276 2241 1802 2338; baseline 0.001 -24"><span class='ocrx_word' id='word_1_78' title='bbox 276 2253 309 2315; x_wconf 81' lang='lat' dir='ltr'>in</span> <span class='ocrx_word' id='word_1_79' title='bbox 339 2243 439 2316; x_wconf 50' lang='lat' dir='ltr'>cisitu¹</span> <span class='ocrx_word' id='word_1_80' title='bbox 456 2241 814 2337; x_wconf 62' lang='lat' dir='ltr'>fabulae&#39;“&#39;sya‘t”ein”atum</span> <span class='ocrx_word' id='word_1_81' title='bbox 840 2252 936 2334; x_wconf 89' lang='lat' dir='ltr'>ratio,</span> <span class='ocrx_word' id='word_1_82' title='bbox 967 2273 1038 2338; x_wconf 89' lang='lat' dir='ltr'>qnae</span> <span class='ocrx_word' id='word_1_83' title='bbox 1065 2251 1150 2318; x_wconf 90' lang='lat' dir='ltr'>inter</span> <span class='ocrx_word' id='word_1_84' title='bbox 1177 2250 1408 2318; x_wconf 87' lang='lat' dir='ltr'>Prometheum</span> <span class='ocrx_word' id='word_1_85' title='bbox 1435 2248 1634 2314; x_wconf 88' lang='lat' dir='ltr'>Mercurium</span> <span class='ocrx_word' id='word_1_86' title='bbox 1669 2250 1802 2315; x_wconf 85' lang='lat' dir='ltr'>eborum</span> 
     </span>
     <span class='ocr_line' id='line_1_9' title="bbox 277 2357 799 2440; baseline 0 -18"><span class='ocrx_word' id='word_1_87' title='bbox 277 2359 339 2423; x_wconf 90' lang='lat' dir='ltr'>hoc</span> <span class='ocrx_word' id='word_1_88' title='bbox 357 2357 494 2425; x_wconf 83' lang='lat' dir='ltr'>artificio</span> <span class='ocrx_word' id='word_1_89' title='bbox 519 2358 689 2424; x_wconf 90' lang='lat' dir='ltr'>distributa</span> <span class='ocrx_word' id='word_1_90' title='bbox 710 2368 799 2440; x_wconf 86' lang='lat' dir='ltr'>sunt:</span> 
     </span>
    </p>
   </div>
   <div class='ocr_carea' id='block_1_2' title="bbox 273 3035 1828 4114">
    <p class='ocr_par' dir='ltr' id='par_1_3' title="bbox 273 3035 1828 4114">
     <span class='ocr_line' id='line_1_10' title="bbox 358 3035 1802 3147; baseline 0.001 -25"><span class='ocrx_word' id='word_1_91' title='bbox 358 3040 548 3123; x_wconf 81' lang='lat' dir='ltr'>Sed&#39;statim</span> <span class='ocrx_word' id='word_1_92' title='bbox 567 3057 600 3120; x_wconf 92' lang='lat' dir='ltr'>in</span> <span class='ocrx_word' id='word_1_93' title='bbox 620 3057 776 3142; x_wconf 88' lang='lat' dir='ltr'>prooemio</span> <span class='ocrx_word' id='word_1_94' title='bbox 797 3053 966 3119; x_wconf 89' lang='lat' dir='ltr'>Roboris</span> <span class='ocrx_word' id='word_1_95' title='bbox 986 3055 1010 3138; x_wconf 84' lang='lat'>¹]</span> <span class='ocrx_word' id='word_1_96' title='bbox 1031 3075 1117 3118; x_wconf 87' lang='lat' dir='ltr'>caeca</span> <span class='ocrx_word' id='word_1_97' title='bbox 1131 3052 1181 3118; x_wconf 91' lang='lat' dir='ltr'>vis</span> <span class='ocrx_word' id='word_1_98' title='bbox 1197 3063 1229 3119; x_wconf 91' lang='lat' dir='ltr'>et</span> <span class='ocrx_word' id='word_1_99' title='bbox 1245 3053 1364 3118; x_wconf 90' lang='lat' dir='ltr'>servile</span> <span class='ocrx_word' id='word_1_100' title='bbox 1380 3035 1520 3121; x_wconf 86' lang='lat' dir='ltr'>studium</span> <span class='ocrx_word' id='word_1_101' title='bbox 1546 3037 1724 3141; x_wconf 84' lang='lat' dir='ltr'>Volcani,</span> <span class='ocrx_word' id='word_1_102' title='bbox 1747 3062 1802 3147; x_wconf 90' lang='lat' dir='ltr'>qui</span> 
     </span>
     <span class='ocr_line' id='line_1_11' title="bbox 275 3159 1802 3254; baseline 0.005 -30"><span class='ocrx_word' id='word_1_103' title='bbox 275 3162 395 3228; x_wconf 90' lang='lat' dir='ltr'>invitus</span> <span class='ocrx_word' id='word_1_104' title='bbox 415 3161 559 3249; x_wconf 87' lang='lat' dir='ltr'>imperiis</span> <span class='ocrx_word' id='word_1_105' title='bbox 575 3162 645 3227; x_wconf 88' lang='lat' dir='ltr'>eius</span> <span class='ocrx_word' id='word_1_106' title='bbox 667 3162 880 3248; x_wconf 86' lang='lat' dir='ltr'>obtemperat,</span> <span class='ocrx_word' id='word_1_107' title='bbox 904 3183 1092 3248; x_wconf 89' lang='lat' dir='ltr'>compresso</span> <span class='ocrx_word' id='word_1_108' title='bbox 1116 3159 1219 3227; x_wconf 90' lang='lat' dir='ltr'>dolori</span> <span class='ocrx_word' id='word_1_109' title='bbox 1237 3159 1283 3229; x_wconf 82' lang='lat' dir='ltr'>ita</span> <span class='ocrx_word' id='word_1_110' title='bbox 1298 3161 1481 3250; x_wconf 86' lang='lat' dir='ltr'>opponitur,</span> <span class='ocrx_word' id='word_1_111' title='bbox 1504 3175 1539 3229; x_wconf 88' lang='lat' dir='ltr'>ut</span> <span class='ocrx_word' id='word_1_112' title='bbox 1560 3165 1726 3254; x_wconf 88' lang='lat' dir='ltr'>loquacior</span> <span class='ocrx_word' id='word_1_113' title='bbox 1747 3167 1802 3231; x_wconf 94' lang='lat' dir='ltr'>ille</span> 
     </span>
     <span class='ocr_line' id='line_1_12' title="bbox 275 3266 1801 3359; baseline 0.004 -27"><span class='ocrx_word' id='word_1_114' title='bbox 275 3268 360 3333; x_wconf 92' lang='lat' dir='ltr'>binis</span> <span class='ocrx_word' id='word_1_115' title='bbox 374 3268 443 3334; x_wconf 88' lang='lat' dir='ltr'>fere</span> <span class='ocrx_word' id='word_1_116' title='bbox 457 3267 575 3355; x_wconf 84' lang='lat' dir='ltr'>[tribus</span> <span class='ocrx_word' id='word_1_117' title='bbox 590 3267 681 3334; x_wconf 90' lang='lat' dir='ltr'>initio</span> <span class='ocrx_word' id='word_1_118' title='bbox 696 3289 727 3333; x_wconf 89' lang='lat' dir='ltr'>v.</span> <span class='ocrx_word' id='word_1_119' title='bbox 743 3270 783 3332; x_wconf 86' lang='grc'>36</span> <span class='ocrx_word' id='word_1_120' title='bbox 798 3268 858 3352; x_wconf 84' lang='grc' dir='ltr'>Η.)</span> <span class='ocrx_word' id='word_1_121' title='bbox 872 3266 1024 3333; x_wconf 89' lang='lat' dir='ltr'>versibus</span> <span class='ocrx_word' id='word_1_122' title='bbox 1040 3267 1189 3355; x_wconf 86' lang='lat' dir='ltr'>increpet</span> <span class='ocrx_word' id='word_1_123' title='bbox 1201 3267 1356 3350; x_wconf 89' lang='lat' dir='ltr'>alterum,</span> <span class='ocrx_word' id='word_1_124' title='bbox 1375 3268 1427 3334; x_wconf 90' lang='lat' dir='ltr'>hio</span> <span class='ocrx_word' id='word_1_125' title='bbox 1442 3271 1638 3357; x_wconf 89' lang='lat' dir='ltr'>respondeat</span> <span class='ocrx_word' id='word_1_126' title='bbox 1653 3272 1801 3359; x_wconf 88' lang='lat' dir='ltr'>singulis.</span> 
     </span>
     <span class='ocr_line' id='line_1_13' title="bbox 276 3373 1801 3467; baseline 0.003 -26"><span class='ocrx_word' id='word_1_127' title='bbox 276 3377 443 3464; x_wconf 86' lang='lat' dir='ltr'>Distingui</span> <span class='ocrx_word' id='word_1_128' title='bbox 465 3387 572 3443; x_wconf 90' lang='lat' dir='ltr'>autem</span> <span class='ocrx_word' id='word_1_129' title='bbox 594 3385 731 3465; x_wconf 87' lang='lat' dir='ltr'>possunt</span> <span class='ocrx_word' id='word_1_130' title='bbox 753 3374 822 3440; x_wconf 90' lang='lat' dir='ltr'>eius</span> <span class='ocrx_word' id='word_1_131' title='bbox 845 3374 1066 3441; x_wconf 86' lang='lat' dir='ltr'>altercationis</span> <span class='ocrx_word' id='word_1_132' title='bbox 1090 3373 1265 3462; x_wconf 85' lang='lat' dir='ltr'>aequabiles</span> <span class='ocrx_word' id='word_1_133' title='bbox 1287 3375 1455 3462; x_wconf 86' lang='lat' dir='ltr'>partioulae</span> <span class='ocrx_word' id='word_1_134' title='bbox 1477 3387 1559 3456; x_wconf 89' lang='lat' dir='ltr'>tres,</span> <span class='ocrx_word' id='word_1_135' title='bbox 1582 3402 1718 3467; x_wconf 89' lang='lat' dir='ltr'>quarum</span> <span class='ocrx_word' id='word_1_136' title='bbox 1737 3381 1801 3446; x_wconf 93' lang='lat' dir='ltr'>sin-</span> 
     </span>
     <span class='ocr_line' id='line_1_14' title="bbox 275 3479 1801 3574; baseline 0.001 -23"><span class='ocrx_word' id='word_1_137' title='bbox 275 3487 358 3571; x_wconf 85' lang='lat' dir='ltr'>gulae</span> <span class='ocrx_word' id='word_1_138' title='bbox 378 3484 484 3573; x_wconf 90' lang='lat' dir='ltr'>quinis</span> <span class='ocrx_word' id='word_1_139' title='bbox 503 3484 670 3572; x_wconf 90' lang='lat' dir='ltr'>utriusque</span> <span class='ocrx_word' id='word_1_140' title='bbox 690 3504 838 3571; x_wconf 88' lang='lat' dir='ltr'>personae</span> <span class='ocrx_word' id='word_1_141' title='bbox 859 3479 1063 3547; x_wconf 88' lang='lat' dir='ltr'>sermonibus</span> <span class='ocrx_word' id='word_1_142' title='bbox 1085 3490 1256 3571; x_wconf 69' lang='lat' dir='ltr'>constant.¹</span> <span class='ocrx_word' id='word_1_143' title='bbox 1280 3483 1367 3549; x_wconf 92' lang='lat' dir='ltr'>Nam</span> <span class='ocrx_word' id='word_1_144' title='bbox 1386 3485 1554 3551; x_wconf 87' lang='lat' dir='ltr'>exordium</span> <span class='ocrx_word' id='word_1_145' title='bbox 1573 3510 1592 3551; x_wconf 87' lang='lat' dir='ltr'>a</span> <span class='ocrx_word' id='word_1_146' title='bbox 1611 3488 1706 3574; x_wconf 89' lang='lat' dir='ltr'>eulpa</span> <span class='ocrx_word' id='word_1_147' title='bbox 1724 3488 1801 3562; x_wconf 81' lang='lat' dir='ltr'>Pro</span> 
     </span>
     <span class='ocr_line' id='line_1_15' title="bbox 274 3583 1828 3678; baseline 0.003 -20"><span class='ocrx_word' id='word_1_148' title='bbox 274 3593 395 3658; x_wconf 88' lang='lat' dir='ltr'>mathei</span> <span class='ocrx_word' id='word_1_149' title='bbox 421 3601 454 3657; x_wconf 89' lang='lat' dir='ltr'>et</span> <span class='ocrx_word' id='word_1_150' title='bbox 479 3592 616 3678; x_wconf 89' lang='lat' dir='ltr'>parendi</span> <span class='ocrx_word' id='word_1_151' title='bbox 640 3590 834 3657; x_wconf 88' lang='lat' dir='ltr'>necessitate</span> <span class='ocrx_word' id='word_1_152' title='bbox 862 3591 1000 3656; x_wconf 88' lang='lat' dir='ltr'>sumitur</span> <span class='ocrx_word' id='word_1_153' title='bbox 1025 3591 1081 3675; x_wconf 84' lang='lat'>(36</span> <span class='ocrx_word' id='word_1_154' title='bbox 1095 3591 1213 3674; x_wconf 81' lang='lat'>-51];</span> <span class='ocrx_word' id='word_1_155' title='bbox 1247 3590 1362 3658; x_wconf 90' lang='lat' dir='ltr'>deinde</span> <span class='ocrx_word' id='word_1_156' title='bbox 1389 3589 1432 3659; x_wconf 81' lang='lat' dir='ltr'>ad</span> <span class='ocrx_word' id='word_1_157' title='bbox 1457 3589 1664 3660; x_wconf 81' lang='lat' dir='ltr'>vinciendum</span> <span class='ocrx_word' id='word_1_158' title='bbox 1691 3609 1722 3662; x_wconf 88' lang='lat' dir='ltr'>et</span> <span class='ocrx_word' id='word_1_159' title='bbox 1747 3599 1801 3662; x_wconf 90' lang='lat' dir='ltr'>ad·</span> <span class='ocrx_word' id='word_1_160' title='bbox 1826 3583 1828 3592; x_wconf 40' lang='lat'><strong><em>⁵</em></strong></span> 
     </span>
     <span class='ocr_line' id='line_1_16' title="bbox 273 3696 1801 3787; baseline 0.003 -21"><span class='ocrx_word' id='word_1_161' title='bbox 273 3699 441 3786; x_wconf 85' lang='lat' dir='ltr'>figendum</span> <span class='ocrx_word' id='word_1_162' title='bbox 469 3701 518 3764; x_wconf 90' lang='lat' dir='ltr'>rei</span> <span class='ocrx_word' id='word_1_163' title='bbox 543 3722 663 3786; x_wconf 82' lang='lat' dir='ltr'>corpus</span> <span class='ocrx_word' id='word_1_164' title='bbox 695 3699 869 3783; x_wconf 89' lang='lat' dir='ltr'>accedunt,</span> <span class='ocrx_word' id='word_1_165' title='bbox 904 3700 963 3766; x_wconf 91' lang='lat' dir='ltr'>sed</span> <span class='ocrx_word' id='word_1_166' title='bbox 992 3699 1047 3766; x_wconf 90' lang='lat' dir='ltr'>ubi</span> <span class='ocrx_word' id='word_1_167' title='bbox 1075 3709 1188 3787; x_wconf 88' lang='lat' dir='ltr'>pectus</span> <span class='ocrx_word' id='word_1_168' title='bbox 1217 3701 1315 3767; x_wconf 86' lang='lat' dir='ltr'>etiam</span> <span class='ocrx_word' id='word_1_169' title='bbox 1345 3704 1440 3769; x_wconf 90' lang='lat' dir='ltr'>amici</span> <span class='ocrx_word' id='word_1_170' title='bbox 1468 3696 1571 3771; x_wconf 88' lang='lat' dir='ltr'>cuneo</span> <span class='ocrx_word' id='word_1_171' title='bbox 1600 3709 1801 3774; x_wconf 87' lang='lat' dir='ltr'>transforare</span> 
     </span>
     <span class='ocr_line' id='line_1_17' title="bbox 273 3806 1800 3894; baseline 0.005 -24"><span class='ocrx_word' id='word_1_172' title='bbox 273 3807 401 3874; x_wconf 90' lang='lat' dir='ltr'>iubetur</span> <span class='ocrx_word' id='word_1_173' title='bbox 421 3807 601 3889; x_wconf 86' lang='lat' dir='ltr'>Volcanus,</span> <span class='ocrx_word' id='word_1_174' title='bbox 626 3807 843 3894; x_wconf 87' lang='lat' dir='ltr'>ingemiscens</span> <span class='ocrx_word' id='word_1_175' title='bbox 866 3806 907 3874; x_wconf 91' lang='lat' dir='ltr'>ad</span> <span class='ocrx_word' id='word_1_176' title='bbox 927 3807 1185 3875; x_wconf 87' lang='lat' dir='ltr'>crudelissimum</span> <span class='ocrx_word' id='word_1_177' title='bbox 1207 3809 1394 3876; x_wconf 88' lang='lat' dir='ltr'>mandatum</span> <span class='ocrx_word' id='word_1_178' title='bbox 1413 3811 1548 3877; x_wconf 88' lang='lat' dir='ltr'>brachia</span> <span class='ocrx_word' id='word_1_179' title='bbox 1571 3812 1710 3881; x_wconf 91' lang='lat' dir='ltr'>demittit</span> <span class='ocrx_word' id='word_1_180' title='bbox 1734 3838 1800 3879; x_wconf 92' lang='lat' dir='ltr'>mo-</span> 
     </span>
     <span class='ocr_line' id='line_1_18' title="bbox 273 3915 1800 4010; baseline 0.005 -31"><span class='ocrx_word' id='word_1_181' title='bbox 273 3937 408 4002; x_wconf 89' lang='lat' dir='ltr'>ramque</span> <span class='ocrx_word' id='word_1_182' title='bbox 423 3936 559 4002; x_wconf 89' lang='lat' dir='ltr'>parvam</span> <span class='ocrx_word' id='word_1_183' title='bbox 574 3915 696 4000; x_wconf 88' lang='lat' dir='ltr'>negotii</span> <span class='ocrx_word' id='word_1_184' title='bbox 713 3915 812 3982; x_wconf 82' lang='lat' dir='ltr'>infert</span> <span class='ocrx_word' id='word_1_185' title='bbox 832 3917 917 4002; x_wconf 83' lang='lat'>[66);</span> <span class='ocrx_word' id='word_1_186' title='bbox 940 3927 973 3983; x_wconf 91' lang='lat' dir='ltr'>at</span> <span class='ocrx_word' id='word_1_187' title='bbox 991 3916 1179 3983; x_wconf 87' lang='lat' dir='ltr'>saevioribus</span> <span class='ocrx_word' id='word_1_188' title='bbox 1200 3919 1310 3984; x_wconf 88' lang='lat' dir='ltr'>statim</span> <span class='ocrx_word' id='word_1_189' title='bbox 1331 3919 1472 3986; x_wconf 88' lang='lat' dir='ltr'>custodis</span> <span class='ocrx_word' id='word_1_190' title='bbox 1492 3921 1589 3986; x_wconf 90' lang='lat' dir='ltr'>minis</span> <span class='ocrx_word' id='word_1_191' title='bbox 1609 3923 1800 4010; x_wconf 88' lang='lat' dir='ltr'>perterritus</span> 
     </span>
     <span class='ocr_line' id='line_1_19' title="bbox 273 4021 1800 4114; baseline 0.007 -28"><span class='ocrx_word' id='word_1_192' title='bbox 273 4021 432 4109; x_wconf 90' lang='lat' dir='ltr'>reliquum</span> <span class='ocrx_word' id='word_1_193' title='bbox 454 4045 571 4088; x_wconf 91' lang='lat' dir='ltr'>munus</span> <span class='ocrx_word' id='word_1_194' title='bbox 594 4025 783 4111; x_wconf 86' lang='lat' dir='ltr'>exsequitur</span> <span class='ocrx_word' id='word_1_195' title='bbox 804 4047 906 4114; x_wconf 82' lang='lat' dir='ltr'>usque</span> <span class='ocrx_word' id='word_1_196' title='bbox 928 4025 970 4090; x_wconf 88' lang='lat' dir='ltr'>ad</span> <span class='ocrx_word' id='word_1_197' title='bbox 996 4049 1028 4091; x_wconf 88' lang='lat' dir='ltr'>v.</span> <span class='ocrx_word' id='word_1_198' title='bbox 1055 4027 1106 4092; x_wconf 86' lang='lat' dir='ltr'>e1.</span> <span class='ocrx_word' id='word_1_199' title='bbox 1150 4025 1246 4106; x_wconf 82' lang='lat' dir='ltr'>Quod</span> <span class='ocrx_word' id='word_1_200' title='bbox 1270 4034 1305 4091; x_wconf 93' lang='lat' dir='ltr'>ut</span> <span class='ocrx_word' id='word_1_201' title='bbox 1334 4025 1509 4091; x_wconf 85' lang='lat' dir='ltr'>sentiretur</span> <span class='ocrx_word' id='word_1_202' title='bbox 1536 4026 1719 4107; x_wconf 85' lang='lat' dir='ltr'>artificium,</span> <span class='ocrx_word' id='word_1_203' title='bbox 1746 4054 1800 4096; x_wconf 91' lang='lat' dir='ltr'>ne-</span> 
     </span>
    </p>
   </div>
   <div class='ocr_carea' id='block_1_3' title="bbox 180 4130 1801 4220">
    <p class='ocr_par' dir='ltr' id='par_1_4' title="bbox 180 4130 1801 4220">
     <span class='ocr_line' id='line_1_20' title="bbox 180 4130 1801 4220; baseline 0.006 -26"><span class='ocrx_word' id='word_1_204' title='bbox 180 4150 181 4157; x_wconf 53' lang='lat'><em>*</em></span> <span class='ocrx_word' id='word_1_205' title='bbox 274 4153 364 4195; x_wconf 88' lang='lat' dir='ltr'>cesse</span> <span class='ocrx_word' id='word_1_206' title='bbox 387 4130 512 4195; x_wconf 89' lang='lat' dir='ltr'>eratin</span> <span class='ocrx_word' id='word_1_207' title='bbox 535 4131 699 4197; x_wconf 89' lang='lat' dir='ltr'>recitando</span> <span class='ocrx_word' id='word_1_208' title='bbox 724 4141 851 4199; x_wconf 88' lang='lat' dir='ltr'>actores</span> <span class='ocrx_word' id='word_1_209' title='bbox 877 4143 953 4220; x_wconf 88' lang='lat' dir='ltr'>post</span> <span class='ocrx_word' id='word_1_210' title='bbox 972 4155 1089 4200; x_wconf 88' lang='lat' dir='ltr'>versus</span> <span class='ocrx_word' id='word_1_211' title='bbox 1116 4138 1165 4199; x_wconf 88' lang='lat'>35.</span> <span class='ocrx_word' id='word_1_212' title='bbox 1188 4137 1238 4199; x_wconf 88' lang='lat'>51.</span> <span class='ocrx_word' id='word_1_213' title='bbox 1261 4137 1311 4199; x_wconf 84' lang='lat'>67.</span> <span class='ocrx_word' id='word_1_214' title='bbox 1333 4134 1373 4197; x_wconf 91' lang='grc'>81</span> <span class='ocrx_word' id='word_1_215' title='bbox 1395 4156 1531 4220; x_wconf 88' lang='lat' dir='ltr'>pausam</span> <span class='ocrx_word' id='word_1_216' title='bbox 1553 4137 1709 4212; x_wconf 82' lang='lat' dir='ltr'>facerent.</span> <span class='ocrx_word' id='word_1_217' title='bbox 1756 4139 1801 4203; x_wconf 86' lang='lat' dir='ltr'>Et</span> 
     </span>
    </p>
   </div>
   <div class='ocr_carea' id='block_1_4' title="bbox 275 4235 1800 4328">
    <p class='ocr_par' dir='ltr' id='par_1_5' title="bbox 275 4235 1800 4328">
     <span class='ocr_line' id='line_1_21' title="bbox 275 4235 1800 4328; baseline 0.007 -28"><span class='ocrx_word' id='word_1_218' title='bbox 275 4261 347 4302; x_wconf 90' lang='lat' dir='ltr'>oum</span> <span class='ocrx_word' id='word_1_219' title='bbox 369 4235 626 4328; x_wconf 85' lang='lat' dir='ltr'>Roburubique</span> <span class='ocrx_word' id='word_1_220' title='bbox 648 4237 773 4303; x_wconf 90' lang='lat' dir='ltr'>initium</span> <span class='ocrx_word' id='word_1_221' title='bbox 795 4238 949 4327; x_wconf 86' lang='lat' dir='ltr'>loquendi</span> <span class='ocrx_word' id='word_1_222' title='bbox 975 4240 1088 4323; x_wconf 82' lang='lat' dir='ltr'>faciat,</span> <span class='ocrx_word' id='word_1_223' title='bbox 1117 4243 1215 4307; x_wconf 89' lang='lat' dir='ltr'>etiam</span> <span class='ocrx_word' id='word_1_224' title='bbox 1242 4262 1280 4307; x_wconf 90' lang='lat' dir='ltr'>eo</span> <span class='ocrx_word' id='word_1_225' title='bbox 1308 4239 1506 4317; x_wconf 88' lang='lat' dir='ltr'>audientium</span> <span class='ocrx_word' id='word_1_226' title='bbox 1528 4243 1652 4309; x_wconf 85' lang='lat' dir='ltr'>animos</span> <span class='ocrx_word' id='word_1_227' title='bbox 1675 4245 1800 4312; x_wconf 88' lang='lat' dir='ltr'>adverti</span> 
     </span>
    </p>
   </div>
   <div class='ocr_carea' id='block_1_5' title="bbox 273 4337 1799 4537">
    <p class='ocr_par' dir='ltr' id='par_1_6' title="bbox 273 4337 1799 4537">
     <span class='ocr_line' id='line_1_22' title="bbox 273 4337 1799 4436; baseline 0.008 -30"><span class='ocrx_word' id='word_1_228' title='bbox 273 4337 398 4409; x_wconf 90' lang='lat' dir='ltr'>curavit</span> <span class='ocrx_word' id='word_1_229' title='bbox 419 4352 528 4430; x_wconf 89' lang='lat' dir='ltr'>poeta,</span> <span class='ocrx_word' id='word_1_230' title='bbox 557 4343 643 4430; x_wconf 92' lang='lat' dir='ltr'>quod</span> <span class='ocrx_word' id='word_1_231' title='bbox 669 4355 743 4431; x_wconf 90' lang='lat' dir='ltr'>post</span> <span class='ocrx_word' id='word_1_232' title='bbox 769 4346 1026 4414; x_wconf 87' lang='lat' dir='ltr'>intermissiones</span> <span class='ocrx_word' id='word_1_233' title='bbox 1050 4349 1121 4414; x_wconf 89' lang='lat' dir='ltr'>illas</span> <span class='ocrx_word' id='word_1_234' title='bbox 1146 4350 1259 4416; x_wconf 90' lang='lat' dir='ltr'>eadem</span> <span class='ocrx_word' id='word_1_235' title='bbox 1281 4349 1350 4413; x_wconf 88' lang='lat' dir='ltr'>fere</span> <span class='ocrx_word' id='word_1_236' title='bbox 1372 4349 1548 4432; x_wconf 86' lang='lat' dir='ltr'>sententia,</span> <span class='ocrx_word' id='word_1_237' title='bbox 1581 4375 1643 4436; x_wconf 86' lang='lat' dir='ltr'>qua</span> <span class='ocrx_word' id='word_1_238' title='bbox 1665 4352 1799 4419; x_wconf 86' lang='lat' dir='ltr'>tarditas</span> 
     </span>
     <span class='ocr_line' id='line_1_23' title="bbox 273 4448 948 4537; baseline 0.006 -23"><span class='ocrx_word' id='word_1_239' title='bbox 273 4450 412 4514; x_wconf 91' lang='lat' dir='ltr'>Volcani</span> <span class='ocrx_word' id='word_1_240' title='bbox 434 4448 698 4537; x_wconf 88' lang='lat' dir='ltr'>reprehenditur,</span> <span class='ocrx_word' id='word_1_241' title='bbox 722 4457 948 4520; x_wconf 80' lang='lat' dir='ltr'>terrecurrit:</span> 
     </span>
    </p>
   </div>
   <div class='ocr_carea' id='block_1_6' title="bbox 0 0 1850 5324">
    <p class='ocr_par' dir='ltr' id='par_1_7' title="bbox 0 0 1850 5324">
     <span class='ocr_line' id='line_1_24' title="bbox 0 0 1850 5324; baseline 0 1"><span class='ocrx_word' id='word_1_242' title='bbox 0 0 1850 5324; x_wconf 95' lang='lat' dir='ltr'> </span> 
     </span>
    </p>
   </div>
  </div>
 </body>
</html>
