3826 5318
740 408 962 484 ..9-

91 613 237 682 6141'
211 638 238 676 ιν
251 607 361 674 κοινὸν
373 608 530 687 dueum
543 610 703 682 θνητοῖσιν
715 612 842 682 φανείη,
862 603 925 668 623
945 609 973 668 1.
994 609 1050 665 em
1069 599 1149 678 πρός
1167 622 1201 679 γε
1224 598 1340 672 τούτοις
1355 582 1454 680 τέρμα
1475 604 1526 678 τῆς
1545 607 1624 680 ἐμῆς

1225 728 1228 733 “
1464 706 1582 784 πλάνην

126 821 438 908 ηλῆμονΠρομηδεῦ,
453 842 507 881 rou
495 820 608 895 δίκην
619 814 853 896 πάσχειςτάδε;
903 738 1089 890 δείξονι1ς
1072 839 1161 879 curua
1174 840 1209 897 ιη
1196 800 1412 894 ’ταλαιπώρῳ
1426 813 1550 894 χρόνος.
1607 811 1616 828 ’

92 935 134 993 Π.
154 929 262 1010 ἁρμοῖ
275 938 440 1007 πέπαυμαι
452 923 522 997 τοδε
536 923 633 1006 ἐμούς
649 923 775 1003 θρηνῶν
790 921 852 989 ee'·
939 925 981 987 Π
999 919 1035 989 rui
1048 947 1094 1002 μη
1083 919 1226 1002 μαθεῖν
1241 944 1296 985 σοι
1309 931 1459 1002 κρεῖσσον
1474 922 1624 1003 ἧμαθεῑν

725 1051 847 1100 vove
1501 1026 1583 1094 reida.

112 1149 143 1207 1.
166 1137 285 1207 οὔκουν
298 1139 410 1220 κόροις
422 1139 511 1201 ἂνν
477 1100 565 1215 ιη’νδε
579 1135 701 1217 δωρεὰν
714 1145 805 1216 ἐμοίς
881 1139 910 1196 1.
921 1133 1060 1215 μηιοιμε
1069 1132 1286 1227 κρόψηςνοῦθ’
1298 1133 1377 1213 ὅπερ
1384 1139 1488 1214 μέλλω
1497 1140 1622 1198 παθεῖν.

92 1253 135 1312 Π.
163 1249 224 1328 λέγ’
233 1245 325 1327 ἥντιν’
338 1252 432 1308 αἰνεῖ·
448 1243 586 1325 κὰνηοίρ
599 1244 641 1305 ἆν
653 1241 770 1311 πύθοιό
777 1263 852 1322 μου.
862 1245 905 1307 Π.
920 1241 1025 1304 ἁλλ’σδ
1035 1249 1179 1327 μεγαίρω
1188 1242 1280 1303 mese
1291 1264 1345 1306 σοι
1358 1241 1552 1322 δωρήματος.

113 1359 145 1420 Ι.
164 1353 309 1438 σήμηνον
322 1351 407 1427 ὅστις
421 1341 457 1416 ἓν
469 1335 612 1434 φοῖρσηγί
627 1350 656 1412 σ’
671 1345 832 1429 efflare.
882 1351 910 1407 1.
922 1355 952 1416 ιι
964 1348 1040 1424 δῆτα
1050 1349 1172 1428 μέλλεις
1180 1344 1226 1435 μὴ
1236 1347 1276 1411 οὐ
1283 1356 1483 1427 γεγωνίσκειν
1492 1348 1526 1414 ιδ
1536 1354 1602 1425 πάν
1610 1375 1624 1428 ,-

93 1447 158 1540 6²0
178 1466 223 1530 Π·
244 1460 409 1542 &Pl-‘vm
427 1467 489 1541 ld‘l
508 1456 544 1522 “l
562 1463 659 1528 ‘¹⁸⁵⁰'
676 1457 855 1532 HWW'
897 1452 1126 1533 613670611ὲῖ
1145 1455 1262 1529 013ὅὲ16,
1292 1452 1351 1526 σὰς
1371 1456 1486 1519 ὅόκνισ
1506 1458 1626 1537 &origne
1659 1470 1722 1525 Μ

682 1565 718 1635 δὲ
733 1570 813 1639 χείρ.

114 1681 145 1739 1.
164 1674 277 1750 ποινὰς
291 1676 326 1738 δὲ
339 1682 440 1737 ποίων
453 1668 715 1753 ἀμπλακημάτων
730 1676 842 1741 ritem

96 1861 137 1952 ll.
157 1889 307 1952 τοσοῦτον
325 1878 417 1968 ἀρνῶ
430 1909 484 1949 σοι
497 1854 677 1961 σαφηνίσαι
689 1848 802 1962 μδνον
864 1884 906 1944 Π
932 1888 999 1942 ἐπεὶ
1013 1885 1186 1998 προθυμεῖ,
1200 1904 1261 1960 χρη
1277 1886 1389 1961 λέγειν·
1403 1884 1500 1946 ninom
1516 1885 1597 1959 δη

175 2116 292 2182 Habes
312 2117 570 2200 interrogantem
591 2110 630 2175 Io
650 2131 685 2176 v.
704 2112 768 2175 614
787 2131 836 2195 sq.
858 2117 892 2173 et
912 2109 975 2172 623
996 2129 1061 2195 sq.,
1090 2118 1297 2178 recusantem
1312 2110 1545 2176 Prometheum
1564 2114 1627 2177 616

97 2233 130 2291 et
148 2225 225 2303 625,
255 2220 363 2287 aerius
392 2221 567 2285 instantem
594 2218 685 2283 illam
712 2218 774 2282 617
799 2224 833 2279 et
857 2217 933 2294 626,
963 2212 1198 2280 oonoedentem
1219 2215 1305 2280 hune
1326 2219 1388 2285 618
1408 2227 1442 2289 et
1462 2221 1538 2301 629,
1568 2218 1626 2285 ite.

95 2340 224 2398 rantem
245 2327 385 2414 denique
406 2325 494 2414 qnod
513 2326 775 2411 interrogaverat
785 2322 948 2409 virginem
966 2324 1029 2388 616
1049 2332 1083 2388 et
1103 2325 1175 2388 626.
1205 2323 1277 2388 [em
1291 2323 1390 2389 trium
1406 2335 1627 2393 extremorum

95 2459 252 2505 versuum
272 2435 411 2500 diversae
432 2433 603 2499 sententie
626 2441 715 2513 sunt,
745 2428 823 2518 qnia
848 2428 888 2493 de
917 2429 1081 2495 erroribus
1102 2429 1194 2496 Ionis
1223 2453 1285 2496 nee
1314 2441 1382 2496 tam
1402 2431 1545 2499 breviter
1565 2456 1628 2500 neo

97 2545 208 2612 statim
228 2542 399 2608 absolvere
420 2540 521 2606 voluit
541 2548 649 2627 poeta
691 2538 820 2606 Horum
847 2538 993 2626 ipsorum
1020 2547 1130 2602 antem
1155 2538 1383 2605 vaticiniorum
1404 2541 1491 2629 parti
1510 2541 1553 2609 ad
1572 2543 1627 2609 ab

98 2648 289 2716 solvendam
309 2647 454 2713 fabulam
474 2645 678 2733 gravissime
699 2646 905 2733 praemissum
933 2653 983 2709 eet
1004 2644 1214 2711 memorabile
1234 2645 1315 2711 illud
1336 2645 1534 2730 diverbinm,
1562 2671 1627 2736 quo

99 2755 256 2851 doloris
275 2757 387 2823 futura
407 2753 501 2821 clade
528 2754 704 2840 enigmata
730 2750 874 2839 stupenti
902 2750 1023 2837 virgini
1051 2772 1187 2817 consors
1216 2751 1378 2819 malornm
1405 2763 1440 2819 et
1459 2753 1526 2820 odii
1547 2754 1628 2822 deus

98 2861 252 2952 proponit
268 2863 346 2947 (743
357 2899 396 2913 -
409 2862 494 2945 762).
533 2861 586 2928 Ao
607 2859 748 2948 primum
769 2858 903 2946 quidem
922 2868 1096 2946 poetquam
1118 2859 1311 2945 prooemium
1332 2860 1421 2947 quod
1440 2861 1520 2928 dicit
1540 2862 1628 2931 labe

98 2995 171 3040 rum
196 2971 287 3039 Ionis
308 2969 524 3036 Prometheus
551 2967 603 3034 hia
628 2968 741 3033 verbis
765 2966 924 3033 oouolusit
948 2967 1058 3051 (741J2
1100 2967 1156 3042 οὓς
1175 2967 1237 3047 γᾰρ
1257 2973 1315 3034 νῦν
1335 2970 1479 3047 ἀκήκοας
1498 2973 1627 3054 λόγους,

99 3075 194 3144 Εἶναι
214 3080 301 3142 δόκει
321 3087 374 3140 σοι
393 3077 525 3160 μηδένα»
543 3075 572 3140 ’ν
593 3083 790 3156 προοιμίοις,
810 3082 904 3140 tants
922 3083 976 3139 est
994 3071 1086 3138 Ionis
1103 3074 1318 3159 perturbatio,
1339 3086 1376 3141 ut
1387 3076 1469 3142 nihil
1482 3077 1630 3165 proterat

99 3205 197 3273 quam
216 3183 403 3263 dochmium
444 3183 483 3249 ut
501 3208 562 3266 μοι
580 3208 639 3265 μοι
659 3180 713 3246 ἒέ
745 3181 853 3265 (723);
886 3190 955 3246 tum
977 3179 1103 3265 duobus
1125 3181 1295 3248 versieulis
1316 3182 1532 3270 Prometheus
1552 3185 1627 3273 plus

99 3292 196 3358 efiam
211 3299 336 3355 restare
353 3288 515 3354 malorum
536 3287 699 3374 significat
720 3309 850 3374 unoque
871 3297 946 3375 post
966 3309 1068 3357 unm
1087 3285 1321 3376 interrogantis
1344 3289 1435 3356 ohori
1453 3291 1531 3357 huie
1551 3315 1629 3379 quo-

99 3419 163 3489 que
178 3395 359 3465 oonlirmat
400 3394 472 3460 Iam
492 3394 539 3461 ita
559 3393 693 3480 collegit
711 3391 855 3458 animmn
871 3392 924 3474 Io,
945 3403 982 3459 ut
1000 3393 1143 3482 quinque
1160 3396 1310 3463 versibus
1330 3397 1492 3465 eontinnis
1512 3400 1628 3487 (quem

98 3526 269 3572 numerum
293 3525 371 3570 num
396 3502 480 3568 forte
509 3501 552 3568 ad
578 3499 720 3589 quinque
741 3522 896 3566 versuum
926 3503 1118 3585 solutorum,
1149 3502 1206 3591 qui
1235 3505 1437 3593 precedunt,
1467 3506 1629 3575 rationem

98 3610 258 3704 quadrare
279 3611 419 3678 voluerit
441 3619 554 3698 poeta,
585 3631 652 3676 nou
681 3608 838 3694 deoerno)
863 3619 1003 3676 mortem
1031 3609 1068 3677 in
1093 3611 1169 3676 vite
1197 3621 1265 3678 tam
1288 3612 1417 3679 misera
1436 3613 1543 3680 vioem
1565 3615 1628 3682 sibi

99 3730 246 3810 exoptet,
276 3718 392 3807 hisque
413 3726 501 3784 certe
520 3715 723 3806 respondent
742 3714 878 3784 totidem
897 3716 1085 3786 Promethei
1106 3707 1238 3802 versus,
1267 3719 1325 3808 qni
1349 3743 1427 3786 snas
1452 3743 1507 3787 res
1532 3723 1628 3791 mise

99 3831 204 3898 riores
229 3849 269 3892 σε
295 3825 410 3892 mortis
437 3824 535 3891 etiam
562 3845 622 3912 spe
647 3823 819 3891 destitutas
844 3845 919 3890 esse
944 3845 1082 3893 monens
1105 3825 1236 3892 unicam
1258 3828 1395 3895 salutem
1415 3829 1512 3897 doris
1533 3832 1629 3899 ruina

99 3933 163 4005 sibi
185 3933 296 4002 afferri
321 3955 420 4023 posse
445 3931 556 3998 iactat
598 3930 704 4021 quue
730 3955 794 4020 qno
819 3931 916 3998 modo
942 3932 1012 3998 lieri
1037 3933 1143 4021 possit
1165 3934 1400 4024 pedetemptim
1425 3960 1485 4025 per
1510 3939 1627 4025 viginti

99 4042 243 4134 quinque
265 4040 495 4108 alternantium
515 4038 680 4137 trimetros
707 4040 917 4124 (roe-781)
900 4038 1139 4128 ldisquiritur,
1168 4063 1307 4129 quorum
1335 4042 1416 4110 duos
1443 4055 1627 4133 postremos

100 4149 268 4217 eonfinuat
286 4145 516 4231 Prometheus,
537 4155 574 4212 ut
595 4129 736 4213 duodeni
758 4144 824 4212 sint
843 4145 978 4230 alterius
999 4145 1103 4212 utrius
1125 4169 1304 4214 sermones

182 4254 301 4343 Restat
320 4254 410 4321 solus
430 4252 662 4336 Mercurius,
693 4253 784 4321 euius
808 4254 842 4321 iu
869 4253 973 4321 exodo
997 4254 1118 4323 fabule
1141 4266 1324 4342 anapaestos
1350 4279 1415 4345 qua
1440 4259 1627 4347 Aeschylus

100 4373 171 4431 arte
192 4337 406 4444 ordinaverit,
437 4361 527 4444 olim,
556 4371 593 4427 ut
613 4361 769 4448 diximus,
798 4361 999 4429 intellectum
1027 4373 1086 4431 ost
1129 4362 1302 4430 Difficilius
1331 4376 1384 4434 est
1411 4365 1627 4454 investigatu,

101 4492 200 4562 quam
221 4471 255 4538 ia
276 4467 487 4561 &ponendis
507 4468 625 4537 iambis
651 4491 674 4556 ⁸.
700 4491 733 4534 v.
753 4469 823 4555 ,948
851 4466 895 4536 ad
921 4471 1006 4537 1610
1029 4469 1189 4538 rabonem
1210 4482 1307 4560 poeta
1327 4483 1459 4540 menum
1481 4475 1533 4553 sit.
1575 4478 1629 4549 Ae

1410 4613 1426 4667 2
