3826 5318
832 441 876 450 ..
934 398 976 473 11

191 594 310 662 videris
339 594 400 658 ista
429 614 493 680 qua
508 591 638 658 *frueris
667 589 823 655 fortunat
847 588 953 656 denuo
984 588 1128 654 excitare
1160 587 1286 653 videtur
1318 590 1513 655 Prometheo
1544 588 1717 655 iracundiae

191 722 320 785 necem,
345 699 402 788 qui
424 699 589 767 bisbinis⁴
604 698 754 766 versibus
770 700 851 782 (976
874 694 921 786 sq.
936 701 1012 762 979
1034 695 1331 785 sq;)·=ad2singnl'os
1352 695 1507 761 Mercurii
1529 697 1718 784 compositis

192 790 364 877 acerrimas
386 791 590 872 inimicorum
612 806 861 873 exsecrationes.
875 805 1021 887 ebullit(
1036 815 1037 819 ’
1050 805 1190 886 Verum,
1220 812 1256 869 ut
1284 803 1388 870 dicam
1411 803 1497 892 quod
1514 805 1635 885 sentio,
1666 805 1720 870 v'el

190 918 246 991 his,
264 914 452 980 rationibus·
471 936 588 979 vercor
615 923 651 980 ut
672 913 876 980 difficillimus
898 912 987 977 locus
1010 913 1098 976 omni
1124 935 1167 977 ex
1192 921 1288 998 parte
1313 911 1484 999 expeditus
1512 913 1562 978 sit.
1607 912 1721 978 Haeret

189 1022 275 1101 cuim
305 1023 416 1109 utiquc
444 1020 566 1109 aliquid
594 1021 727 1108 frigoris
754 1023 787 1086 in
815 1019 898 1084 dicto
919 1020 975 1085 illo
1001 1023 1062 1084 974
1088 1029 1121 1085 et
1136 1019 1240 1107 „paulo
1261 1018 1572 1107 abruptius'gestiro
1587 1020 1719 1087 deliciis

189 1130 253 1203 dici
273 1128 418 1212 videtur,
441 1129 496 1218 qui
516 1129 697 1217 ignominia
718 1130 853 1223 afflictus
876 1151 969 1216 paene
991 1128 1174 1195 obmutuit*
1196 1124 1329 1212 Optime
1351 1136 1469 1191 contra*
1487 1125 1528 1190 ad
1551 1128 1720 1215 superiora

190 1236 376 1316 Promethei
398 1239 459 1301 970
482 1259 529 1324 sq.
615 1298 617 1302 ,
696 1285 699 1302 2
804 1296 806 1301 ,
838 1296 839 1299 ,
1226 1238 1228 1242 ’

526 1505 528 1508 ⁴
604 1445 655 1521 τῆς
676 1445 733 1520 σῆς
754 1448 897 1524 λατρείας
919 1444 971 1520 τὴν
992 1443 1072 1524 ἐμὴν
1093 1443 1306 1521 δυσπραξίαν,

604 1553 718 1629 σαφῶς
740 1553 891 1630 ἐπίσταό,
916 1552 974 1612 οὐκ
997 1551 1037 1612 ἄν
1058 1549 1223 1628 ἀλλάξαιμ’
1247 1548 1320 1629 ἐγώ.

192 1756 329 1844 quadret
350 1753 414 1822 talc
435 1754 591 1821 Mercurii
614 1775 825 1842 responsum:

600 1962 711 2037 χλιδᾶν
732 1958 840 2034 ἔοικας
861 1972 922 2032 τοῖς
943 1964 1083 2040 παροῦσι
1103 1961 1296 2041 πράγμασιν.

195 2163 321 2243 Quibus
343 2162 487 2228 adducor
508 2165 577 2229 fere
598 2173 634 2228 ut
661 2172 728 2228 tres
759 2162 832 2229 illos
863 2186 979 2228 versus
1007 2166 1204 2245 972-974,
1235 2186 1371 2252 quorum
1402 2166 1488 2253 apud
1518 2168 1722 2234 scholia-stam

194 2272 376 2338 Mediceum
398 2272 519 2336 mentio
541 2294 607 2337 non
629 2256 735 2353 estat,
769 2270 809 2336 ab
832 2270 987 2358 Aeschyli
1017 2280 1109 2336 textu
1139 2272 1269 2335 omnino
1300 2271 1423 2336 alienos
1453 2295 1526 2338 esse
1554 2274 1722 2341 coniciam.

196 2378 291 2458 Quod
313 2379 369 2467 qui
390 2378 594 2466 probaverit,
617 2377 860 2445 concinniorem
882 2389 969 2443 certe
993 2400 1179 2442 sermonum
1201 2376 1363 2461 ordinem,
1387 2401 1526 2467 eumque
1545 2380 1670 2447 Oceani
1691 2394 1723 2447 et

195 2485 382 2552 Promethei
404 2485 636 2551 concertationi
656 2486 867 2569 [eta-394)
890 2507 955 2550 non
977 2485 1166 2551 dissimilem
1187 2483 1365 2550 lucrabitur
1388 2486 1496 2551 hunc:

472 2665 1446 2776 2÷2wxss÷uss÷ss1rwassru

279 2897 349 2961 lam
371 2897 458 2961 enim
480 2851 626 2982 singulos
648 2896 711 2960 sibi
731 2895 913 2963 uersiculos
930 2917 1094 2983 opponere
1116 2896 1276 2983 incipiunt
1296 2896 1398 2998 (901),
1423 2897 1480 3005 sed
1494 2921 1570 2963 mox
1588 2911 1724 2986 propter

197 3026 314 3068 novam
338 3003 567 3069 contumeliam
587 3004 695 3087 (983]:

608 3187 670 3261 εἴης
693 3186 831 3264 φορητός
851 3185 908 3247 οὐκ
930 3181 981 3258 ἄν,
1003 3190 1031 3247 εἰ
1051 3184 1208 3265 πριῖσσοις
1229 3190 1331 3260 καλῶς

196 3365 421 3450 ingemiscenti
443 3374 572 3429 tantum
594 3364 708 3446 (ὤμοι)
730 3337 926 3430 Prometheo
948 3362 1061 3428 incidit
1082 3363 1113 3426 in
1138 3385 1322 3430 sermonem
1337 3365 1519 3432 Mercurius
1536 3389 1722 3433 memorans

198 3492 271 3536 eam
294 3470 426 3557 quidem
447 3493 561 3536 vocem
590 3470 674 3554 ὦμοι
700 3470 821 3537 Jovcm
848 3472 1011 3557 ignorare.
1055 3468 1159 3557 quue
1186 3471 1382 3558 interpellati
1409 3472 1516 3538 medio
1537 3496 1635 3539 versu
1658 3497 1723 3541 ser-

196 3578 303 3642 monis
324 3578 455 3643 unicum
479 3599 557 3642 sanc
585 3577 620 3642 in
642 3578 800 3665 Aeschyli
830 3579 976 3666 reliquiis
1005 3577 1189 3664 exemplum
1211 3589 1331 3667 quanta
1352 3582 1385 3646 vi
1407 3582 1548 3668 positum
1570 3584 1624 3665 sit,
1656 3606 1723 3650 non

197 3686 276 3749 satis
301 3682 525 3749 considerasse
547 3682 713 3782 vidqntur,
742 3685 796 3771 qui
823 3684 865 3750 ad
891 3683 1088 3771 explendum
1111 3684 1267 3750 Mercurii
1288 3686 1473 3753 trimetrum
1495 3688 1599 3775 repeti
1620 3689 1661 3754 ab
1685 3712 1723 3754 eo

197 3789 281 3870 ὤμοι
304 3789 486 3856 voluerunt.
524 3789 714 3878 Sequuntur
737 3812 795 3854 sex
811 3812 927 3856 versus
949 3790 1070 3877 singuli
1095 3813 1197 3878 usque
1220 3792 1261 3856 ad
1281 3795 1351 3875 990,
1374 3815 1437 3881 quo
1459 3794 1723 3881 indignabundus

195 3896 379 3962 Mercurius
401 3897 566 3984 abrumpit
587 3892 849 3965 altercationem:

604 4081 818 4162 ἐκερτόμησας
840 4081 933 4157 δῆθεν
954 4079 1031 4142 ὥστε
1054 4081 1152 4143 παῖδά
1173 4105 1222 4160 με.

195 4256 264 4322 Iam
287 4259 386 4343 igitur
408 4258 624 4323 Prometheus
647 4258 757 4324 decem
780 4260 928 4324 versibus
952 4258 1112 4324 continuis
1137 4260 1396 4348 comprehendit,
1427 4260 1504 4349 quid
1522 4262 1617 4328 Jovis
1634 4288 1722 4330 man·
1832 4297 1837 4303 ’

67 4454 73 4465 ¹
196 4362 279 4452 datis
302 4365 452 4451 responsi
473 4385 533 4451 per
554 4367 702 4430 nuntium
723 4367 883 4454 reportari
906 4366 983 4434 velit
1004 4367 1077 4450 (991
1090 4369 1251 4454 -1000),
1284 4369 1466 4434 Mercurius
1489 4382 1598 4437 autem
1620 4373 1722 4459 prius-

195 4493 290 4556 quam
315 4495 408 4536 suum
432 4470 517 4557 quod
540 4470 635 4538 hodie
659 4470 769 4539 dicunt
792 4473 1014 4554 „ultimatum“
1044 4475 1294 4561 (1011-1039)
1327 4477 1485 4562 proferat,
1517 4500 1580 4543 uno
1608 4480 1723 4564 (1001)
