3826 5318
831 375 1075 454 *10-

191 586 299 665 potest
313 597 399 652 sane
422 573 571 640 consulto
592 571 774 640 institutum
796 592 869 638 esse
891 571 1008 654 videri,
1036 582 1074 638 nt
1101 574 1230 648 cumin
1252 570 1368 642 ceteris
1389 576 1538 642 omnibus
1560 577 1718 668 discepta-

189 683 332 750 tionibus
354 681 567 749 constantiam
587 690 620 747 et
636 680 917 768 perseverantiam
939 679 1038 745 animi
1054 680 1269 748 Prometheus
1291 682 1390 748 etiam
1408 682 1592 771 disputandi
1614 682 1719 774 aequa-

190 789 316 858 bilitate
338 787 477 878 quadam
500 787 691 877 prodiderit,
713 787 870 853 Mercurii
891 786 1006 872 iurgiis
1028 781 1358 872 itaccmmoveatur,
1378 800 1415 856 ut
1440 791 1586 878 quamvis
1614 791 1720 879 pervi-

191 921 253 964 cax
274 898 308 977 in
328 897 528 962 consiliiset
546 895 716 962 sententiis
735 893 868 960 modum
887 904 997 959 tamen
1016 914 1204 960 sermonum
1225 919 1291 961 non
1306 895 1422 963 eadem
1443 907 1479 963 nt
1499 906 1597 964 antea
1610 909 1721 965 servat

187 1006 383 1074 constantia.
428 1003 525 1084 Quod
546 1028 613 1070 non
633 1013 701 1070 tam
730 1002 770 1067 de
800 1001 891 1068 initio
921 999 1144 1067 altercationis
1174 1001 1295 1068 dietum
1317 1006 1391 1068 esse
1412 1003 1524 1086 velim,
1557 1003 1613 1069 obi
1634 1004 1720 1091 qnod

193 1135 313 1180 novem
333 1110 490 1178 Mercurii
511 1133 626 1176 severa
647 1111 751 1198 patris
773 1107 925 1174 mandata
949 1101 1155 1174 contumeliis>
1175 1110 1407 1195 exaggerantis
1427 1125 1548 1176 'versus
1569 1110 1720 1177 undecim

191 1219 341 1293 versibus
358 1228 547 1306 contemptu
569 1227 602 1284 et
622 1216 751 1287 fastidio
773 1216 879 1304 plenis
895 1217 1026 1303 repellit
1043 1216 1495 1306 Prometheus,''exsuperare
1512 1228 1600 1284 certe
1618 1219 1721 1284 voluit

193 1328 453 1403 adversariorum
473 1326 594 1391 fastum
616 1334 649 1390 et
669 1323 899 1409 arrogantiam.
943 1322 1010 1389 Sed
1034 1321 1162 1410 reliqua
1185 1323 1310 1390 mirum
1325 1324 1570 1391 esteo'ordine
1592 1349 1720 1414 compo-

193 1428 259 1503 sita
276 1457 366 1516 esse,
397 1442 432 1498 ut
456 1433 596 1520 primum
617 1430 711 1495 binos
734 1431 835 1496 semel
855 1419 993 1518 uterique
1014 1452 1130 1494 versus
1151 1432 1227 1515 [968
1249 1454 1296 1520 sq.
1318 1435 1381 1497 970
1402 1436 1478 1521 sq),
1501 1433 1618 1499 deinde
1640 1434 1720 1501 dnos

193 1545 270 1629 (972
292 1544 355 1629 sq.)
375 1538 571 1622 Mercurius,
594 1538 807 1605 Prometheus
830 1559 930 1602 unum
953 1522 1057 1625 (974),
1087 1560 1184 1624 porro
1205 1539 1256 1603 bis
1279 1539 1426 1625 singulos
1450 1541 1539 1625 (975.
1560 1542 1636 1626 978)
1655 1543 1720 1624 ille,

192 1650 290 1718 binos,
313 1649 389 1732 (976
411 1671 459 1734 sq.
484 1649 546 1711 979
568 1648 633 1732 sq.)
659 1645 714 1709 hic
740 1645 863 1710 recitet.
907 1644 995 1709 Nam
1015 1643 1049 1709 id
1070 1644 1202 1732 quidem
1222 1664 1289 1711 non
1310 1646 1421 1713 dubito
1443 1649 1522 1736 quin
1541 1648 1721 1714 rectissime

176 1755 381 1822 'Erfurdtius
403 1765 435 1821 et
458 1753 500 1820 G.
524 1755 736 1820 Hermannus
759 1752 835 1817 olim
857 1753 1099 1840 perspexerint,
1129 1775 1195 1818 non
1223 1775 1320 1840 posse
1346 1755 1489 1842 quinque
1511 1777 1626 1821 versus
1649 1778 1722 1821 eon-

194 1865 301 1930 tinuos
323 1864 430 1928 970-
444 1863 524 1926 974:

526 2073 575 2147 τῆς
598 2072 655 2147 σῆς
670 2074 816 2149 ,λατρείας
838 2066 891 2144 τήν
913 2067 994 2148 ἐμήν
1015 2067 1222 2149 δυςπραξίαι,
1258 2126 1259 2130 ,

526 2175 811 2252 numerarentur,
833 2175 892 2236 oea.
913 2175 954 2236 ἄν
975 2172 1142 2254 ἀλλάξαιμ’
1163 2173 1233 2254 ἐγώ.

524 2295 673 2364 κρεῖσσον
694 2282 755 2366 γὰρ
777 2281 869 2366 οἶμαι
889 2286 960 2364 τῇδε
981 2282 1138 2364 λατρεύειν
1158 2293 1256 2365 πέτρᾳ

525 2392 546 2467 ἢ
566 2390 658 2473 πατρὶ
679 2394 779 2470 φῦναι
798 2397 882 2469 Ζηνὶ
899 2389 1012 2454 ιιιστὸν
1033 2389 1175 2473 ἄγγελον.

524 2496 620 2572 οὕτως
640 2498 776 2580 ὑβρίζειν
796 2498 867 2572 τούς
887 2500 1073 2584 ὑβρίζοντας
1093 2496 1205 2580 χρεών.

196 2730 530 2815 eidemfPromethao,
548 2733 643 2797 'utin
663 2731 756 2798 libris
776 2731 828 2815 fit,
849 2729 974 2796 tribuis·
1000 2728 1047 2796 Ut
1066 2727 1154 2795 enim
1172 2726 1212 2792 de
1227 2735 1351 2792 temere
1368 2727 1523 2812 neglecta
1539 2711 1727 2792 sermonum

198 2837 415 2904 concinnitate
436 2847 575 2921 taceam,
597 2863 664 2904 non
685 2839 804 2925 frigida
823 2849 964 2912 tantum,
992 2847 1028 2904 ut
1049 2836 1131 2903 dixit
1150 2837 1377 2916 Hermannus,
1409 2834 1468 2899 sed
1489 2834 1607 2900 stolida
1628 2832 1726 2901 etiam

197 2947 284 3012 foret
304 2947 486 3034 loquacitas
508 2947 711 3030 Promethei,
741 2957 777 3014 ut
804 2947 860 3036 qui
888 2949 934 3013 eis
961 2946 996 3011 in
1018 2945 1352 3033 obiurgando'verbis
1373 2970 1452 3013 usus
1475 2956 1579 3029 asset,
1610 2946 1728 3035 quibus

197 3076 248 3121 ne.
261 3051 469 3120 adversarius
493 3053 638 3140 quidem,
663 3057 690 3121 si
712 3077 787 3121 snae
809 3055 952 3121 rationes
973 3053 1056 3121 tueri
1078 3055 1192 3138 vellet,
1215 3055 1403 3120 honestiora
1421 3055 1543 3140 eligere
1558 3053 1725 3141 potuisset.

196 3160 244 3228 Ut
271 3163 305 3226 in
333 3169 427 3246 tanta
455 3161 672 3227 maledicendi
700 3161 859 3234 modestia
887 3161 1041 3255 ridiculus
1058 3163 1124 3228 sit·
1139 3164 1298 3250 profecto,
1327 3161 1414 3251 quod
1443 3161 1534 3251 quasi
1561 3162 1626 3228 suis
1655 3160 1729 3249 ipse

198 3267 317 3333 aculeis
347 3265 525 3333 delectatus
543 3270 637 3352 haec,
669 3278 706 3335 ut
733 3270 832 3355 vulgo
861 3269 1130 3356 interpretantur,
1161 3253 1286 3335 addere
1310 3258 1430 3336 fertur:
1465 3270 1531 3352 ,sic
1558 3269 1727 3357 superbire

199 3363 327 3461 oportet
347 3372 821 3462 adversu‚s.superbientes,“
854 3376 908 3440 vel
936 3371 971 3440 ut
999 3360 1181 3440 Hermanni
1202 3376 1312 3443 verbis
1328 3386 1426 3460 utar,
1456 3376 1606 3457 „ferociae
1628 3384 1728 3464 eppo-⁴

199 3480 306 3547 nenda
326 3481 480 3547 ferocias
525 3481 733 3569 Quamquam
752 3487 838 3553 hanc
859 3488 1054 3552 sententiam
1075 3509 1116 3551 ne
1138 3487 1291 3575 responsi
1312 3485 1442 3575 quidem
1464 3486 1537 3552 loco
1560 3495 1635 3574 apte
1655 3483 1729 3572 pro-

119 3637 124 3644 ·
199 3592 279 3656 ferri
292 3593 438 3680 potuisse
452 3577 612 3662 existimo.
654 3598 739 3662 Nam
756 3583 818 3664 nee
836 3598 967 3664 omnino
987 3578 1174 3686 Promethei
1191 3605 1261 3662 erat
1282 3597 1376 3677 ὕβριν
1397 3593 1509 3659 nescio
1524 3615 1622 3679 quam
1637 3595 1730 3658 suam

201 3698 363 3781 confiteri,
386 3722 449 3765 nec
469 3702 613 3777 habebat
634 3718 692 3770 cur
714 3706 778 3789 eis,
795 3691 873 3794 vquae
895 3704 1078 3770 Mercurius
1101 3728 1132 3770 v.
1154 3707 1215 3770 972
1239 3705 1291 3790 sq?
1310 3703 1449 3783 dixerat,
1480 3716 1546 3766 suae
1569 3693 1729 3786 superbiae

135 3803 137 3807 ’
201 3807 446 3873 excusationem
468 3809 566 3875 ullam
589 3822 786 3899 opponeret,
820 3810 944 3878 Contra
964 3811 1122 3877 Mercurii
1145 3809 1227 3877 sane
1249 3809 1344 3893 ὕβριν
1371 3808 1442 3899 iure
1472 3806 1565 3895 queri
1592 3805 1729 3900 potarat,

203 3914 322 4001 quippe
338 3914 526 4002 quiexpers
541 3917 612 4005 ipse
627 3919 785 4001 malorum
803 3929 835 3987 et
848 3919 932 3985 liber
947 3921 1057 3987 vincto
1078 3930 1110 3986 et
1129 3919 1247 3984 misere
1262 3917 1372 3983 habito
1386 3916 1544 3982 insultare
1558 3938 1590 3982 v.
1604 3918 1665 3980 972
1676 3911 1729 4002 sq.

202 4042 268 4092 non
296 4018 501 4087 dubitaverit.
543 4023 659 4112 Itaque
683 4049 755 4091 cum
778 4025 888 4093 ironia·
902 4036 1038 4114 uterque
1056 4026 1145 4113 loqui
1159 4024 1321 4114 putandus
1340 4024 1394 4107 sit,
1416 4021 1582 4089 Mercurio
1601 4021 1731 4110 quidem

204 4125 338 4204 „melius
361 4128 458 4193 credo
481 4129 630 4214 seilicet,
646 4133 720 4198 huic
743 4136 875 4223 scopulo
902 4119 1029 4200 servi-re
1058 4159 1155 4222 quam
1176 4135 1254 4202 Jovi
1281 4124 1412 4200 fidelem
1440 4133 1590 4197 nuntium
1611 4139 1730 4217 praesto

73 4269 88 4292 ι
202 4234 296 4320 ιιιιιι(ι
318 4257 378 4321 per
401 4237 642 4305 cavillationem
662 4240 802 4308 iactante
808 4292 817 4326 ,
832 4242 1040 4308 Prometheo
1071 4252 1194 4324 autem,
1227 4242 1283 4328 qui
1303 4249 1402 4307 tantae
1425 4238 1629 4305 contumeliae
1651 4235 1731 4301 indi·
1782 4223 1788 4234 ’”

202 4342 698 4432 guntionepaeneobmuteseat,
720 4348 872 4416 laudante
887 4334 1027 4415 ministri
1041 4348 1264 4437 inpudentiam
1273 4348 1327 4414 ‘his
1340 4372 1347 4414 :
1371 4347 1438 4435 „sic
1454 4346 1623 4435 superbire
1639 4344 1734 4412 decet

203 4446 258 4534 qui
290 4448 429 4549 superbi
450 4451 544 4517 sint.“
587 4454 667 4520 Eius
699 4475 778 4522 vero
797 4445 1034 4542 >egritudinem
1057 4478 1195 4544 carpens
1217 4453 1399 4524 Mercurius
1417 4451 1474 4518 ‘his‘
1493 4452 1633 4538 „gestire
1654 4449 1733 4516 mihi
