3690 5324
915 406 1134 482 ...5..

260 607 349 680 Nam
373 606 442 671 haee
469 602 617 692 quidem,
651 569 756 666 τῶνδε.
769 601 889 684 δεσμά,
920 568 1075 686 coniungi
1090 597 1315 683 ¹multo'etiam
1339 598 1466 665 facilius
1492 606 1668 685 potuerunt
1684 604 1788 686 'quam

261 713 349 802 quod
367 734 400 778 v.
422 709 583 797 elegitur
604 711 826 789 ἀδαμαντίνων
847 711 974 786 δεσμεῖν
994 716 1029 771 ἐν
1050 707 1217 791 ἀρρήκτοις
1238 712 1356 781 πέδαις.
1393 707 1438 772 Et
1459 706 1559 772 hahet
1581 706 1643 771 hoo
1663 706 1787 786 Robur,

261 829 297 885 ut
317 817 496 885 insultandi
517 838 616 895 eausa
638 814 776 880 eandem
798 835 865 902 qua
882 813 1049 890 lloleanus
1071 836 1149 879 usus
1172 822 1244 880 erat
1263 816 1378 880 vocem
1401 813 1512 880 statim
1531 821 1674 901 repetat:

379 1019 416 1062 ν.
438 999 489 1064 66.
533 1002 605 1062 ΗΦ.
647 1004 722 1058 αἰαῖ
739 999 933 1077 Προμηθεῦ,
956 995 1140 1076 σῶνῦτιὲρ
1162 996 1414 1073 στένωτιόνων.
1491 1073 1493 1075 ¹

534 1084 602 1168 KP.
649 1102 688 1166 σύ
710 1103 736 1163 δ’
751 1095 802 1164 αὖ
823 1113 982 1176 κατοκνεῖς
1003 1102 1062 1165 τῶν
1084 1102 1162 1193 Διός
1183 1104 1209 1164 τ’
1230 1103 1355 1184 ἐχθρῶν
1378 1103 1492 1183 ὕιιερ-
1514 1171 1515 1174 ¹

538 1251 543 1256 ,
650 1213 818 1286 στένείς,·
1014 1289 1031 1328 *
1129 1279 1175 1291 „

385 1395 414 1437 v.
431 1372 482 1438 69.
526 1378 597 1438 Hm.
641 1375 745 1454 ὁρᾷς
767 1377 876 1451 θέαμα
898 1376 1072 1435 δυσθέατον
1093 1354 1249 1452 ι’)’μριαλτικ4

409 1515 412 1517 >
529 1485 620 1544 ΚΡ.·
645 1482 722 1560 ὁρῶ
744 1481 899 1560 κυροῦντα
920 1478 1008 1542 τόνδε
1029 1481 1089 1541 τῶν
1109 1479 1270 1552 ἐπαξίων..
1380 1486 1381 1489 ’

365 1621 377 1651 U
1015 1587 1033 1626 *
1105 1612 1107 1615 Ι

387 1693 417 1734 v.
434 1669 483 1735 72⁸
526 1675 599 1732 ΗΦ.
643 1673 723 1752 δρᾶν
745 1637 823 1733 ταῦτ’
846 1668 978 1750 ἀνάγκη,
1001 1672 1100 1750 μηδὲν
1121 1672 1294 1750 ἐγκέλευῗ
1315 1669 1406 1756 ἄγαν.

417 1795 459 1840 ’.
521 1784 601 1862 ¹KP.
644 1775 749 1862 ἧμήν
771 1780 945 1842 κελεύσω
967 1777 1158 1852 κάπιθωύξω
1179 1801 1212 1857 γε
1233 1773 1321 1858 πρόέ.
1386 1817 1388 1821 ¹

348 1959 448 2024 Cuius
474 1969 583 2024 tamen
609 1958 723 2045 figurae
753 1955 802 2021 vis
832 1979 874 2020 ne
902 1957 1150 2042 infringeretur,
1179 1943 1360 2020 servandus
1383 1967 1454 2022 erat
1475 1980 1546 2022 cum
1569 1957 1742 2035 Dindorfio
1765 1961 1792 2024 is

265 2053 440 2136 verborum
462 2069 557 2150 ordo,
587 2067 678 2134 euius
701 2076 734 2132 et
754 2062 922 2130 Mediceus
945 2073 977 2129 et
999 2086 1071 2128 oum
1093 2062 1164 2129 aliis
1188 2057 1466 2149 Guelferbytanus
1487 2075 1589 2132 testes
1611 2077 1701 2150 sunt,
1732 2065 1796 2134 nee·

265 2175 417 2243 audiendi
440 2175 629 2258 deteriores,
658 2175 714 2240 ubi
743 2174 845 2256 δεσμὰ
874 2177 949 2255 τῷδε
976 2172 1107 2258 legitur.
1150 2160 1223 2237 Hoc
1244 2173 1351 2258 ipsum
1374 2171 1512 2260 denique
1534 2177 1622 2254 τῷδε,
1652 2174 1740 2262 quod
1760 2176 1792 2242 in

155 2291 158 2295 “
266 2286 382 2351 ueteris
405 2296 541 2372 excepto
564 2284 710 2359 Medieeo
739 2283 980 2371 exemplaribus
999 2283 1160 2367 omnibus
1190 2291 1291 2366 extat,
1324 2282 1508 2349 coniectura
1536 2285 1691 2372 scriptum
1722 2309 1793 2352 esse

231 2443 234 2459 ,
265 2391 407 2458 arbitror
428 2393 469 2457 ab
491 2392 553 2474 eis,
577 2391 632 2480 qui
654 2396 748 2456 τῶνδε
769 2389 848 2478 quid
869 2390 933 2456 sibi
951 2390 1052 2457 vellet
1073 2413 1140 2456 non
1160 2390 1397 2476 intellegerent.

348 2498 415 2565 Sed
440 2522 568 2567 versus·
585 2501 624 2567 51
651 2487 848 2565 sententiam
870 2497 897 2562 si
919 2508 1007 2564 reete
1030 2499 1265 2581 intelleximus,
1297 2508 1433 2586 apparet
1457 2499 1562 2565 minus
1586 2511 1675 2589 recte
1697 2501 1794 2567 inter-

267 2614 376 2691 pretes
398 2627 429 2668 v.
452 2607 493 2668 54
921 2619 923 2624 ’

557 2739 611 2791 καὶ
632 2728 669 2806 δὴ
691 2731 846 2811 πρόχειρα
867 2729 973 2809 ψάλια
994 2737 1163 2812 δέρκεσθαι
1185 2731 1272 2812 τιάρα

158 2948 161 2951 -
268 2903 371 2978 ψάλια
390 2900 432 2966 ad
451 2901 642 2966 universum
663 2912 851 2968 catenarum
872 2926 976 2989 genus
996 2865 1168 2969 rettulisse.
1200 2904 1304 2969 Immo
1319 2905 1472 2992 quoniam
1487 2928 1505 2970 a
1520 2904 1626 2992 capite
1640 2904 1681 2970 ad
1696 2906 1795 2992 pedes

269 3008 468 3099 descendere
490 3011 525 3099 in
548 3008 721 3075 vinciendo
744 3011 939 3078 Prometheo
961 3011 1144 3077 Volcanum
1166 3012 1229 3094 eis,
1258 3034 1336 3099 quae,
1353 3022 1544 3098 sequuntur,
1574 3013 1692 3105 elucet,
1719 3026 1797 3078 tam-

269 3139 366 3204 quam
387 3097 483 3183 oreae
504 3118 597 3206 (nam
612 3119 800 3199 περιστόμια
818 3120 878 3181 τῶν
898 3119 1118 3183 tannv'etiam
1133 3119 1316 3184 'scholiasta
1337 3120 1440 3210 ψάλια
1462 3120 1619 3207 explieat]
1639 3121 1693 3186 vel
1714 3120 1797 3208 freni

270 3220 353 3311 eollo
370 3223 510 3310 primum
528 3220 749 3308 circumdandi
770 3233 863 3308 erant
881 3246 1002 3312 eosque
1024 3223 1173 3290 manibus
1197 3226 1263 3291 iam
1285 3248 1320 3292 se
1342 3223 1484 3292 tractare
1508 3226 1587 3292 deus
1609 3228 1701 3314 faber
1725 3252 1797 3294 eon-

254 3328 382 3422 tendit.
419 3318 524 3409 Quem
547 3329 810 3418 ineptius-etiam
829 3354 896 3395 non
916 3342 1044 3427 veteres
1067 3341 1194 3398 tantum
1214 3333 1277 3416 his,
1301 3357 1372 3421 quae
1395 3335 1504 3400 statim
1527 3346 1704 3422 sequuntur
1747 3360 1760 3420 ἢ

561 3512 667 3592 λαβών
688 3536 736 3576 νιν
755 3514 844 3601 ἀμφὶ
865 3522 973 3594 χερσὶν
995 3521 1141 3595 ἐγκρατεῖ
1158 3518 1285 3578 σθένει

431 3608 433 3610 ’
483 3661 485 3664 <
559 3597 825 3710 ῥειιστῆῶεῖνε,
848 3623 1027 3686 πασσάλευε
1048 3624 1127 3704 πρὸς
1149 3611 1274 3704 πέτραις

272 3800 396 3864 moneri
417 3811 617 3886 putaverunt
623 3848 632 3882 ,
661 3809 696 3866 ut
725 3801 1015 3868 vinculatandem
1044 3804 1204 3890 arriperet
1227 3803 1440 3890 manibusque
1464 3803 1649 3873 Promethei
1668 3808 1801 3872 circum-

272 3907 384 3971 ieeret.
429 3904 494 3984 Qui
516 3906 601 3972 enim
624 3929 740 3994 parere
763 3931 799 3975 se
818 3907 914 3974 Jovis
942 3909 1078 3995 imperio
1108 3932 1137 3974 v.
1167 3913 1207 3974 54
1234 3909 1356 3975 iaotare
1385 3911 1545 3997 potuisset
1566 3911 1745 3994 Volcanus,
1775 3915 1802 3977 si

273 4013 487 4079 instrumenta
509 4014 656 4101 obsequii
686 4017 775 4102 [quae
798 4016 908 4081 statim
930 4015 1118 4102 ingrediens
1142 4040 1280 4084 scaenam
1302 4016 1447 4083 tenuisse
1471 4018 1644 4105 fingendus
1667 4021 1732 4106 est)
1762 4045 1802 4087 ne

274 4120 424 4185 manibus
454 4121 584 4209 quidem
613 4123 719 4188 adhuc
746 4111 898 4190 teneret?
930 4114 1160 4190 Prometheum
1182 4127 1289 4214 potius
1312 4126 1366 4190 vel
1387 4126 1520 4192 brachia
1542 4137 1574 4206 et
1597 4151 1712 4194 manus
1735 4131 1803 4196 eius

200 4308 205 4316 ι
274 4231 551 4317 comprehendere
574 4253 693 4318 easque
716 4241 886 4318 pereutere
910 4242 942 4297 et
964 4234 1095 4327 scopulo
1117 4232 1263 4320 adfigere
1285 4234 1433 4300 iubetur:

500 4410 577 4473 Nun
599 4391 683 4496 paoli
696 4410 784 4519 rhu,
784 4435 839 4477 um
863 4411 915 4477 die
938 4413 1072 4497 flendo,
1094 4416 1161 4479 und
1183 4413 1242 4479 mit
1262 4414 1441 4501 mitoht'ger
1463 4417 1562 4483 Kraft

500 4515 570 4579 Des
592 4516 767 4583 Hammers
792 4517 942 4604 schlage,
965 4519 1073 4606 pflock
1096 4521 1153 4586 ihn
1175 4544 1218 4587 an
1241 4519 1292 4586 die
1315 4521 1541 4587 Felsenwand.
