3826 5318
857 417 1075 491 -72,

384 535 470 677 έλζ
491 617 550 679 odo
570 612 674 695 ἔγρον,
694 616 760 684 Ἰοῖ,
781 615 878 676 ταῖσδ’
902 613 1102 694 ὑπουργῆσαι
1119 613 1222 693 χάριν,
1425 694 1428 696 ³

493 722 590 795 ἄλλως
613 747 641 785 τε
663 722 783 795 πάντως
805 729 858 782 καὶ
879 720 1079 800 κασιγνήταις
1100 721 1224 808 καιρός.
1267 724 1304 773 ἰ·
1480 760 1493 773 .=
1617 763 1618 767 ,

491 837 532 908 ὥς
553 835 772 897 ιάιτοκλαιῖσαι
793 816 1041 911 κάλιοδύραο3αι
1061 830 1156 907 τύχας

491 943 623 1022 ἐνιαῦ3’,
646 939 717 1017 ὅπῃ
730 945 840 1019 μέλλοι
858 958 905 1012 ’τις
922 941 1073 1001 οἴσεσθαι
1095 937 1214 1019 duaco
1306 987 1309 995 .

406 1085 408 1092 ι
491 1049 571 1131 πρὸς
592 1051 653 1112 τοῖν
675 1047 838 1122 κλυόνιιοι,
860 1048 958 1122 ἀξίαν
975 1042 1085 1127 rotulo
1106 1043 1202 1123 λκιο*Δ
1241 1104 1247 1111 .

205 1283 275 1350 Nec
303 1280 496 1371 repugnabo
527 1277 692 1376 equidem,
723 1274 849 1363 siquis
878 1298 909 1340 v
933 1276 994 1341 637
1023 1275 1064 1340 ab
1088 1273 1245 1361 Aeschyli
1274 1282 1344 1339 arte
1369 1242 1512 1338 alienum
1534 1280 1567 1336 et
1593 1293 1617 1336 a
1640 1271 1731 1335 seho

205 1391 315 1456 liastae
327 1390 434 1476 potius
457 1386 638 1452 eruditione
660 1372 840 1472 profectum
862 1404 935 1482 csse
921 1372 1110 1470 arguerit.
1146 1380 1371 1447 Pulcherrima
1390 1380 1491 1465 porro
1512 1374 1610 1444 Ionis
1622 1397 1731 1443 narra-

205 1499 293 1564 tione
312 1496 393 1562 adeo
414 1503 637 1560 commovetur
653 1490 835 1579 puellarum
851 1511 999 1572 annuus,
1016 1490 1103 1555 utin
1122 1488 1358 1554 cantiunculam
1378 1486 1546 1552 effundant
1563 1485 1731 1551 horrorem

204 1606 281 1687 [688
294 1641 324 1650 —
337 1605 421 1688 695).
463 1600 536 1680 Quo
554 1600 591 1665 fit
608 1609 659 1693 ut,
683 1620 757 1663 enm
777 1595 821 1662 ad
841 1597 1007 1662 trimetros
1028 1596 1184 1662 transitus
1206 1586 1324 1683 aliquis
1345 1592 1511 1681 parandus
1533 1601 1635 1674 essct,
1657 1613 1732 1679 qua·

204 1723 278 1776 tuor
297 1705 415 1775 versus
435 1707 656 1793 (696-699),
687 1705 742 1793 qni
763 1703 926 1770 vaticiniis
948 1705 1135 1770 Promethei
1166 1703 1283 1790 primis
1308 1697 1504 1792 praefantur,
1537 1696 1604 1765 non
1627 1699 1732 1775 choro

206 1817 266 1884 soli
285 1817 396 1882 tributi
418 1815 477 1879 sed
497 1815 581 1879 inter
602 1821 792 1912 utramque,
816 1811 906 1877 chori
927 1811 998 1878 dico
1017 1804 1051 1878 ct
1068 1811 1269 1888 Promethei,
1292 1805 1467 1897 persenam
1489 1807 1635 1896 dispositi
1657 1806 1731 1872 sint.

205 1923 362 1992 Secundis
384 1932 493 1987 tamen
514 1930 548 1987 et
567 1920 669 1985 tertiis
691 1941 804 1984 rursus
826 1919 918 1985 chori
938 1910 1128 2007 praecedunt
1148 1911 1263 1984 versus
1287 1916 1439 2004 quaterni
1465 1916 1542 2000 (783
1571 1936 1641 2002 sqq.
1672 1914 1734 1976 820

189 2034 305 2119 ·sqq.,)
332 2013 531 2116 totidemque
553 2024 759 2092 iambieat
711 2027 768 2094 tot
759 2049 809 2092 1us
831 2026 949 2092 fabulae
971 2027 1118 2093 diverbia
1139 2023 1337 2092 concludunt
1355 2025 1453 2109 (1040
1474 2023 1574 2109 sqq..)
1617 2021 1662 2085 Et
1681 2018 1732 2083 his

205 2137 403 2228 absolvimus
425 2135 514 2228 chori
535 2156 700 2200 sermones
722 2157 836 2200 omnes
858 2144 996 2222 excepto
1023 2158 1088 2202 uno
1114 2135 1184 2201 loeo
1202 2135 1287 2218 (932
1315 2124 1418 2219 sqq),
1450 2124 1505 2237 qui
1525 2149 1633 2218 neque
1656 2150 1751 2215 qua(

204 2244 382 2310 ternarium
404 2264 465 2307 nec
478 2243 537 2327 (nt
557 2241 659 2306 semel
680 2242 803 2306 factum
823 2240 981 2327 vidimus)
1004 2242 1177 2325 senarium,
1200 2240 1259 2307 sed
1280 2240 1465 2328 quinarium
1486 2258 1658 2303 nnmerum
1680 2257 1733 2301 ex-

204 2350 309 2432 hibet,
336 2353 381 2415 ita
403 2358 512 2414 autem
535 2358 742 2434 comparatus
771 2357 837 2431 est,
869 2357 905 2415 ut
931 2370 993 2415 nee
1022 2348 1252 2436 interpolatum
1281 2345 1460 2435 quidquam
1481 2367 1549 2410 -nec
1578 2343 1734 2409 omissum

207 2479 279 2522 esse
313 2455 410 2522 facile
440 2463 606 2542 appareat.
649 2453 766 2540 Itaque
796 2463 852 2520 aut
880 2454 1139 2538 concedendum,
1168 2455 1271 2520 semel
1305 2460 1466 2522 incertum
1501 2474 1564 2540 quo
1600 2448 1734 2516 consilio

207 2569 410 2628 constantem
433 2559 697 2627 consuetudinem
718 2561 876 2626 abiecisse
896 2571 1045 2649 poetam,
1075 2572 1131 2628 aut
1150 2556 1229 2650 'ipsa
1256 2561 1313 2627 illa
1341 2584 1414 2649 quae
1441 2552 1572 2626 videtur
1594 2581 1667 2625 esse
1688 2559 1735 2622 in·

208 2670 390 2736 constantia
410 2669 456 2734 ita
477 2666 672 2756 explicanda
693 2667 769 2751 crit,
798 2678 835 2734 ut
855 2691 976 2734 novum
998 2668 1073 2734 inde
1095 2669 1180 2755 legis
1202 2679 1322 2735 nostrae
1343 2678 1571 2754 argumentum
1592 2675 1733 2733 eruatur.

206 2778 246 2843 Id
267 2787 376 2843 autem
404 2777 467 2841 hac
493 2775 573 2841 mihi
601 2774 715 2840 videor
743 2775 987 2848 ratiocinatione
1017 2777 1143 2843 efficere
1169 2799 1275 2865 posse.
1321 2773 1467 2845 Oonatur
1488 2776 1575 2841 enim
1597 2773 1734 2859 singulis

205 2883 354 2950 versibus
377 2893 514 2971 quatuor
537 2882 654 2948 chorus
676 2904 831 2947 revocare
852 2879 1085 2949 Prometheum
1112 2884 1152 2949 ab
1177 2884 1279 2951 atroci
1299 2883 1634 2971 confidentia,aeique
1656 2881 1734 2945 Pro-

206 2990 354 3088 metheus
371 3000 404 3057 et
423 2990 495 3077 ipse
514 2988 652 3075 singulis
667 2988 785 3055 totiens
799 2990 977 3076 respondet
992 2993 1214 3078 (932-939).
1251 2991 1352 3059 Cuius
1373 2992 1528 3086 extremis
1549 3014 1591 3057 ex
1608 2989 1733 3057 verbis:

206 3097 306 3161 πάντα
328 3094 530 3179 ιἰροοδόκηιά
553 3121 611 3181 μοι
632 3119 704 3162 cum
725 3095 948 3163 intellexerint
969 3097 1159 3183 Occanidae,
1182 3122 1269 3166 vana
1291 3122 1362 3166 esse
1384 3087 1556 3168 conamina
1577 3111 1650 3179 sua,
1672 3097 1736 3163 iam

206 3203 360 3290 periculis
388 3203 611 3292 proponendis
639 3202 838 3270 obstinatum
867 3204 963 3272 amici
992 3205 1136 3274 animum
1165 3207 1362 3274 commoveri
1394 3230 1491 3297 posse
1524 3207 1739 3313 desperantes

206 3309 414 3392 brevissimo,
437 3311 494 3376 scd
517 3309 632 3375 eodem
653 3311 851 3397 gravissimo
873 3311 958 3380 dicto
980 3336 1077 3401 quam
1099 3314 1179 3402 ipsae
1202 3304 1364 3383 sentiendi
1387 3314 1644 3422 cogitandique
1640 3314 1735 3380 ratio

208 3438 282 3481 nem
304 3427 436 3484 teneant
458 3418 735 3504 comprehendunt
756 3421 861 3500 (940):

577 3647 609 3702 οἱ
631 3642 876 3722 προσκυνοῦντες
899 3642 952 3721 τήν
975 3643 1174 3728 Ἀδράστειαν
1193 3656 1304 3724 σοφοί.

211 3857 255 3925 Ut
282 3859 335 3924 hic
363 3882 445 3925 unus
474 3861 654 3926 versiculus
682 3870 819 3949 quatuor
848 3862 932 3946 illis,
967 3863 1022 3951 qui
1050 3873 1311 3947 antecesserunt,
1347 3867 1439 3955 quasi
1468 3889 1528 3955 par
1561 3869 1737 3935 existimari

208 3965 318 4053 possit.
360 3966 576 4033 Prometheus
598 3978 720 4052 autem,
738 3967 847 4057 'quam
867 3971 948 4036 nihil
970 3980 1150 4054 commotus
1173 3973 1217 4039 ait
1237 3995 1276 4040 eo
1298 3984 1476 4063 praecepto,
1506 3976 1683 4064 fortissime
1706 3989 1738 4043 ct

102 4114 109 4125 ·
207 4068 277 4161 ipse
299 4072 344 4139 ita
365 4073 536 4160 significat,
565 4085 601 4141 ut
628 4085 784 4142 extremae
804 4076 1048 4144 Oceanidarum
1068 4077 1143 4145 voci
1163 4084 1313 4167 opponat
1327 4081 1501 4165 continuos
1520 4105 1638 4149 versus
1661 4105 1738 4171 qua·
1825 4128 1829 4140 ι

206 4191 281 4247 tuor
300 4183 375 4266 (941
387 4185 531 4267 -944),
559 4183 676 4271 quihus
698 4183 750 4248 aui
770 4184 871 4249 enimi
899 4189 1013 4251 sensus
1036 4209 1133 4274 quam
1153 4186 1227 4251 fieri
1247 4190 1357 4274 potest
1377 4189 1536 4255 acerrime
1558 4189 1738 4278 confirmat.

208 4287 323 4376 ltaque
345 4310 419 4354 curn
433 4309 565 4354 versum
587 4292 649 4354 940
670 4290 764 4378 quasi
785 4293 957 4379 complecti
978 4293 1118 4360 dixerim
1136 4294 1209 4360 illos
1232 4298 1302 4361 932.
1325 4300 1402 4364 934.
1419 4301 1491 4364 936.
1512 4302 1584 4383 938,
1606 4300 1739 4367 Prome·

113 4452 123 4473 ‚
208 4396 276 4462 thei
297 4395 384 4463 dicta
403 4418 435 4462 v.
456 4400 527 4463 933.
549 4401 620 4464 935.
642 4401 712 4464 937.
736 4403 798 4465 939
818 4402 923 4490 repeti
946 4402 1185 4490 quodammodo
1208 4413 1242 4469 et
1263 4405 1448 4471 confirmari
1466 4406 1569 4471 sentio
1588 4384 1738 4492 versibus

207 4504 393 4570 941-944
427 4503 512 4570 Nam
535 4505 591 4593 qui
612 4516 794 4593 sequuntur
815 4518 883 4575 tres
904 4510 1058 4593 versiculi
1079 4510 1234 4578 Mercurii
1256 4511 1431 4581 adventum
1453 4513 1642 4580 nuntiantes
1666 4535 1744 4584 sm
