3690 5324
722 363 940 438 ..6η

147 555 345 621 Accedimus
376 556 419 620 ad
448 556 792 649 chorile'ermones¹
804 558 992 640 iambicos,
1024 579 1104 645 quos
1134 558 1342 646 quaternario
1370 561 1594 644 tereunumer'o

65 663 229 729 contineri
248 661 446 728 Welckcrus
466 661 558 743 olim,
581 672 616 729 nt
632 663 801 751 diximus,
815 664 1062 748 animadvertit,
1080 665 1215 753 eiusque
1231 665 1360 733 artificii
1374 688 1509 733 causam
1521 691 1593 755 pro-

62 768 207 833 habilem
236 768 1014 871 Qash*..cistrshtfflfisffmgrepssiic
1058 769 1155 850 Quod
1175 781 1287 838 tamen
1307 772 1362 840 ille
1383 796 1459 839 cum
1480 774 1593 861 paucis

65 875 251 962 significare
281 876 360 940 satis
390 875 557 958 habuerit,
586 886 733 942 nostrum
762 887 870 942 autem
897 876 939 942 ad
964 877 1154 962 consilium,
1187 891 1223 944 ut
1251 889 1440 947 constanter
1468 881 1501 944 in
1529 881 1593 946 hac

63 983 174 1049 fabula
202 982 404 1068 Aeschylum
433 982 686 1049 concinnitatem
715 1005 901 1049 sermonum
931 994 1080 1050 secutum*
1105 1007 1177 1051 esse
1207 966 1496 1070 demonstremus,
1512 986 1591 1074 ipsae

64 1093 152 1158 chori
178 1093 442 1160 interlocutiones
464 1091 640 1179 plurimum
659 1091 806 1173 valeant,
838 1090 935 1178 paulo
957 1092 1139 1158 accuratius
1162 1092 1201 1158 de
1230 1092 1376 1180 partibus
1399 1095 1485 1176 eius,
1509 1116 1591 1182 quas
1664 1169 1667 1172 ‚

64 1199 224 1287 quidem
215 1223 250 1264 ιιι
273 1197 426 1281 diverbiis
448 1197 565 1283 egerit,
594 1198 703 1286 disput
690 1199 824 1265 tandum
852 1209 911 1265 est.
955 1199 1064 1266 Tanta
1086 1211 1194 1266 autem
1217 1200 1399 1268 constantia
1425 1212 1513 1290 poeta
1530 1224 1621 1271 nu·-

1401 1286 1624 1376 tw

61 1328 188 1374 merum
209 1305 301 1370 illum
323 1304 576 1412 quaternarium
585 1307 740 1402 retinuit,
763 1317 806 1372 ut·
827 1307 998 1372 continuos
1020 1330 1137 1373 versus
1158 1308 1314 1377 iambicos
1337 1318 1512 1397 quaternos
1535 1331 1591 1373 ιιο-

52 1391 289 1495 iie‘n's‘sduos
290 1401 455 1476 semel
418 1421 541 1477 tantum
550 1390 642 1496 (698
650 1382 762 1500 sq.J
746 1412 845 1478 choro
868 1413 1028 1479 tribuerit.
1072 1414 1238 1481 Usust
1183 1424 1238 1480 aut
1239 1438 1291 1480 em
1313 1438 1351 1480 eo
1373 1437 1508 1482 numero
1530 1426 1589 1496 est,

59 1519 254 1607 ubicumque
277 1518 422 1604 singulos
432 1518 563 1590 ,tabulae
585 1518 677 1605 quasi
698 1519 850 1585 articulos
869 1519 976 1606 aliquo
998 1521 1094 1587 modo
1119 1521 1320 1608 distinguere
1343 1523 1506 1588 vellett
1475 1523 1590 1609 Itaque

60 1626 226 1714 quaternis
247 1625 397 1690 versibus
427 1636 461 1691 et
488 1626 560 1712 ipso
590 1626 686 1712 primi
715 1625 853 1712 episodii
881 1625 974 1691 initio
1001 1627 1092 1712 (195)
1120 1624 1237 1694 chorus
1260 1630 1490 1695 Prometheum
1511 1628 1590 1717 ,quid

60 1735 163 1828 culpae
185 1736 383 1801 commiserit
403 1756 538 1800 narrare
559 1733 663 1817 iubet,
691 1720 731 1799 et
744 1734 895 1799 absoluta
917 1756 956 1800 ea
978 1735 1165 1800 narratione
1186 1736 1276 1823 (244)
1297 1736 1436 1802 eundem
1460 1739 1588 1801 commi·

60 1853 198 1915 seratur.
241 1842 371 1908 Deinde
400 1852 572 1930 postquam
600 1852 636 1908 ut
664 1842 794 1927 singula
823 1841 971 1928 quaedam
1000 1864 1104 1930 eaque
1135 1866 1262 1908 summa
1294 1843 1479 1938 Promethei
1508 1851 1588 1929 erga

58 1973 161 2037 genus
183 1951 362 2016 humanum
383 1948 543 2015 beneficia
563 1950 653 2016 velut
680 1948 879 2072 cupitulatim
908 1949 1090 2034 significata
1057 1950 1286 2015 toleriore'
1278 1974 1311 2014 ιιι
1333 1952 1405 2015 luce
1427 1973 1587 2037 poneren

57 2069 125 2140 tur,
150 2048 296 2160 singulis
307 2080 328 2122 u
330 2067 472 2158 terque
466 2057 617 2159 versibus
640 2056 772 2160 seuleus
791 2079 831 2143 se
840 2066 1073 2147 exceperim
1075 2057 1166 2141 (nam
1182 2058 1368 2124 Promethei
1385 2080 1459 2137 esse
1480 2081 1510 2121 v.
1527 2060 1587 2122 258

56 2163 220 2253 persuasit
240 2164 438 2231 Welckerus
455 2167 499 2249 ³),
533 2153 592 2252 qui
617 2147 681 2229 seis
683 2138 798 2228 chori
819 2163 913 2250 paria
935 2185 995 2228 sex
1017 2162 1126 2227 illost
1113 2163 1276 2229 trimetros
1299 2163 1489 2230 recitavisse
1512 2187 1585 2229 con
1620 2151 1623 2160 ¹

56 2273 163 2358 iecitJ:
186 2295 258 2338 eam
278 2295 405 2360 quoque
423 2270 636 2358 quaestionem
655 2292 767 2336 rursus
789 2279 927 2356 quatuor
945 2268 1096 2334 versibus
1119 2270 1283 2354 concludit
1304 2271 1421 2336 chorus
1440 2293 1584 2353 monens,

57 2390 92 2445 ut
117 2381 259 2468 aliquam
286 2378 436 2466 supplicii
463 2378 657 2445 solutionem
683 2387 815 2466 quaerat
832 2377 1064 2462 Prometheus,
1097 2377 1152 2464 qui
1176 2375 1262 2465 quod
1285 2378 1407 2443 monita
1429 2378 1485 2443 illa
1507 2378 1585 2443 item

54 2488 104 2552 bis
127 2496 264 2575 quatuor
285 2476 435 2552 versibus
458 2488 535 2574 [265
551 2489 670 2571 -272J
699 2486 872 2570 detrectat,
901 2510 942 2552 ne
970 2486 1004 2552 id
1031 2485 1161 2574 quidem
1190 2487 1329 2552 fortasse
1357 2508 1422 2551 non
1451 2483 1585 2553 consilio

54 2604 149 2682 poetae
176 2594 358 2660 institutum
387 2603 446 2661 est.
488 2593 586 2659 Redit
615 2617 712 2682 porro
744 2594 858 2661 eadem
887 2596 1069 2661 observatio
1097 2594 1131 2659 in
1161 2593 1304 2660 secundo
1335 2593 1496 2681 episodio,
1530 2593 1583 2659 ubi
1660 2640 1665 2645 -

55 2699 264 2766 duabus'illis
286 2699 474 2767 Promethei
495 2700 708 2782 orationibus,
740 2702 856 2789 quibus
886 2701 925 2767 de
947 2724 1070 2787 genere
1092 2702 1234 2767 humano
1257 2712 1299 2767 cx
1320 2702 1453 2780 miseria
1474 2710 1582 2766 erecto

55 2807 185 2888 dicitur,
219 2829 332 2872 rursus
360 2815 496 2893 quatuor
523 2806 706 2895 interpositi
733 2819 809 2873 sunt
837 2808 927 2873 chori
947 2831 1064 2873 versus
1086 2812 1161 2892 [473
1181 2814 1282 2896 sqq),
1316 2809 1433 2896 quibus
1456 2789 1581 2891 medici,

54 2913 109 3002 qui
131 2913 192 2978 s'rbi
214 2914 284 3000 ipse
307 2912 430 2978 mederi
453 2912 591 2995 nesciat,
619 2913 730 2980 similis
755 2913 858 2980 dictus
880 2915 1095 2980 Prometheus
1118 2914 1280 2998 meminit,
1303 2915 1375 3002 ipsa
1396 2916 1583 2981 morborum

52 3129 244 3195 Finitam
215 3152 284 3195 e1us
307 3127 485 3193 orationem
508 3129 600 3212 (508)
620 3130 698 3193 item
720 3139 858 3216 quatuor
881 3129 972 3195 chori
995 3128 1160 3215 excipiunt
1181 3150 1310 3209 versus,
1338 3128 1487 3216 quicum
1510 3152 1580 3216 spe·
1583 3132 1595 3140 ”

51 3259 124 3303 rare
147 3259 180 3302 se
203 3235 335 3318 dixerit,
356 3237 483 3301 foret
447 3245 483 3300 ut
504 3233 679 3321 aliquando
701 3236 879 3321 potentiam
900 3235 996 3301 Jovis
1019 3237 1167 3322 exaequet
1154 3236 1306 3300 tProme
1308 3237 1460 3319 ttheus,
1447 3236 1580 3301 totidem

52 3347 114 3410 hic
128 3344 277 3410 versibus
298 3337 375 3430 (51‘3
398 3344 486 3431 sqq.)
516 3342 558 3408 ad
585 3341 789 3408 necessitatis
817 3343 928 3409 arbit
889 3355 986 3409 trrum
1014 3365 1089 3430 spes
1118 3332 1191 3407 illas
1213 3343 1324 3408 reicit·
1293 3342 1432 3427 t,nnde
1454 3343 1579 3428 gravis-

52 3453 134 3518 sima
156 3452 323 3539 singulis
313 3462 398 3516 mter
416 3473 451 3515 se
468 3450 617 3515 versibus
635 3473 699 3537 qua
701 3459 750 3515 ter
701 3451 816 3516 ttal
803 3461 933 3517 tertnan
933 3453 1000 3516 ium
1019 3450 1061 3516 de
1074 3450 1281 3516 necessitatis
1297 3449 1459 3536 gubernat
1446 3450 1578 3516 tricibus

50 3559 210 3647 lorisque
231 3561 297 3624 fato
320 3557 531 3642 interrogatio
561 3557 784 3644 subsequitur,
816 3581 887 3644 quae
917 3567 1026 3622 tamen
1054 3558 1127 3645 ipsa
1156 3581 1222 3624 non
1250 3581 1329 3639 uno,
1360 3556 1420 3624 sed
1442 3569 1579 3679 quatuor

51 3667 236 3734 Promethei
259 3677 383 3731 secreta
404 3664 547 3750 tegentis
569 3662 716 3728 versibus
740 3664 845 3728 subito
813 3663 1031 3750 tabrumpit
1033 3686 1070 3729 ur
1094 3665 1169 3748 [524
1191 3665 1290 3752 sqq..J
1334 3664 1374 3729 In
1395 3664 1490 3731 tertio
1512 3667 1577 3776 epi-

50 3777 140 3843 sodio
161 3776 302 3863 primurn
329 3784 403 3861 post
423 3796 454 3838 v.
477 3777 552 3854 631,
582 3771 636 3837 ubi
662 3773 788 3858 exposit
790 3795 883 3837 urum
911 3795 946 3837 se
972 3773 1044 3838 Ioni
1071 3772 1248 3839 defuturis
1271 3775 1436 3840 erroribus
1460 3771 1577 3868 Pmml?

51 3895 136 3950 serat
124 3882 385 3963 Prometheus,
415 3881 533 3946 chorus
560 3862 733 3946 intercedit
762 3891 877 3967 petens
906 3893 941 3946 ut
970 3861 1066 3946 antea
1095 3881 1150 3946 illa
1183 3904 1313 3947 causam
1342 3880 1489 3949 laborum
1515 3880 1577 3946 sibi

50 4000 189 4057 enarret.
230 3975 390 4076 Loquitur
412 3997 520 4053 autem
541 3986 594 4052 hic
615 4010 743 4074 quoque
768 3988 916 4053 versibus
939 3997 1138 4076 quatuor,u
1118 3999 1154 4053 ut
1181 3988 1214 4052 in
1244 3999 1335 4054 tanta
1364 4011 1575 4054 numerorum

49 4087 230 4165 constantia
251 4098 397 4182 profecto
419 4097 536 4159 mirum
560 4093 613 4175 sit,
645 4093 731 4181 quod
758 4096 900 4182 quinque
926 4095 1075 4159 versibus
1099 4095 1314 4161 Prometheus
1336 4095 1497 4181 virginem
1520 4095 1574 4158 ob-

50 4207 140 4294 sequi
162 4204 356 4293 patruelium
379 4201 548 4268 desideriis
569 4201 659 4267 iubet
678 4202 783 4294 (ddtth
