3826 5318
369 557 447 623 εἶεν·
470 569 498 622 τί
518 562 669 640 μέλλεις
691 566 745 622 καλ
768 569 966 638 κατοικτίζεις
987 561 1109 641 punitum
1281 563 1322 626 36

879 691 897 729 *
995 710 997 713 ν
1096 714 1100 720 .

361 795 485 860 ὀὔκουν
507 800 652 873 ἐπείξει
674 796 777 878 δεσμὰ
798 800 872 876 τῷδε
895 802 1083 877 περιβαλεῖν,
1281 801 1322 865 52

370 905 413 976 ὦς
432 904 479 984 μή
500 906 527 966 o³
553 905 762 968 ἐλινύοντα
783 892 987 987 προσδερχθῇ
1009 907 1132 988 πατήρ,·

458 1000 461 1005 ’
874 1035 892 1073 a

370 1141 409 1205 ot
432 1143 458 1203 δ’
481 1136 524 1204 αὖ
545 1153 758 1214 κατοκνεῖς
780 1145 839 1206 τῶν
862 1143 938 1215 Διός
958 1144 981 1206 τ’
1002 1147 1128 1228 ἐχθρῶν
1149 1143 1226 1225 ὕπερ
1281 1145 1321 1210 67

368 1260 502 1326 στένεις;
524 1248 608 1323 ὅπως
630 1251 675 1330 μὴ
697 1248 814 1313 σαυτὸν
836 1257 959 1324 οἰκτιεῖς
980 1263 1065 1323 ποτέ,

206 1453 421 1519 Intervallum
443 1463 552 1518 autem
574 1453 717 1521 vicissim
744 1453 903 1520 recitandi
929 1476 1002 1520 oum
1024 1453 1164 1519 Volcani
1188 1463 1229 1550 et
1241 1453 1350 1542 verbis
1373 1462 1406 1518 et
1427 1461 1528 1540 gestu
1543 1454 1652 1543 aliquo

124 1550 270 1647 apertius
298 1559 547 1646 significandum
577 1570 679 1642 esset,
710 1559 940 1648 inquirendum
969 1569 1020 1627 est
1046 1560 1079 1624 in
1108 1582 1222 1625 versus
1251 1561 1291 1625 51
1320 1559 1529 1626 sententiam·
1565 1559 1652 1628 Nam

124 1675 295 1753 postquam
323 1663 470 1741 Volcano
503 1668 550 1751 [v.
573 1668 629 1752 48)
659 1667 818 1733 fabricam
846 1667 970 1755 utinam
999 1689 1048 1765 ns
1071 1688 1225 1756 umquam
1254 1666 1384 1733 sortitus
1412 1676 1500 1734 esset
1528 1668 1652 1754 optanti

124 1768 292 1858 respondit
312 1768 426 1837 Robur
508 1795 510 1800 ’

372 1952 490 2059 ἅπαντ’Ι
504 1981 630 2056 ἐπαχθῆ
651 1978 730 2056 πλήν
751 1985 854 2042 θεοῖσι
875 1955 1061 2060 κοιρανεῖν.4

239 2073 243 2085 ⁷
287 2089 289 2092 ’
368 2080 536 2180 ἐλείθερος
554 2085 616 2168 γὰρ
638 2083 721 2160 οὔτις
741 2096 806 2150 ἐστὶ
827 2086 906 2165 πλήν
928 2087 1005 2159 Διός

120 2289 156 2354 h.
181 2311 209 2355 e.
233 2291 360 2371 „omnia
381 2288 502 2378 quippe
523 2289 661 2356 molesta
683 2297 715 2355 et
737 2299 892 2357 onerosa“
926 2292 981 2356 rel
1011 2289 1155 2371 „nullum
1173 2279 1228 2355 'est
1248 2311 1365 2354 munus
1388 2289 1474 2377 quod
1496 2312 1554 2374 suo
1576 2281 1653 2378 quo·

125 2396 200 2462 dam
223 2418 322 2462 onere
345 2406 455 2483 eareat
483 2406 619 2486 excepto
649 2397 783 2463 deorum
811 2399 965 2485 imperio,
993 2391 1069 2463 nam
1096 2396 1181 2462 liber
1207 2396 1302 2463 nemo
1325 2405 1375 2461 est
1396 2395 1459 2461 nisi
1478 2395 1671 2484 luppiter?

123 2504 214 2587 (nam
236 2506 361 2583 ἐπαχθῆ
387 2502 511 2569 Stanlei
533 2526 592 2591 pro
618 2503 773 2569 librorum
790 2513 835 2570 et
860 2504 1042 2572 scholiastae
1067 2493 1208 2573 lectione
1230 2508 1373 2588 ἓπράχδη
1397 2504 1655 2571 emendationem
1739 2524 1741 2529 ’

126 2609 275 2697 equidem
297 2619 421 2677 certam
442 2610 579 2695 habeo]:
602 2609 743 2677 Volcani
765 2613 867 2677 verba
891 2635 962 2700 quae
986 2622 1166 2700 sequuntur
1239 2601 1241 2604 ’

589 2717 590 2722 ,
1151 2704 1163 2728 ν

369 2810 494 2898 ἔγνωκα
514 2814 630 2884 τοῖσδε,
654 2810 767 2895 κούδὲν
788 2811 941 2879 ἀντειπεῖν
962 2809 1026 2886 ἔχω

125 3029 163 3070 eo
185 3005 325 3071 maxime
348 3006 488 3071 obseura
508 3006 563 3071 vel
584 3005 665 3072 adeo
689 3013 841 3091 corrupta
862 3003 934 3070 visa
956 3014 1043 3087 sunt,
1072 3004 1158 3091 quod
1180 3007 1281 3067 τοῖσδε
1303 3001 1382 3068 illud
1405 3024 1468 3089 quo
1491 2999 1656 3088 spectaret

48 3138 52 3145 ⁸
125 3136 190 3179 non
214 3114 293 3179 satis
314 3112 517 3179 intellectum
539 3123 599 3180 est.
642 3113 810 3210 Intellegit
830 3123 953 3196 autem,
976 3112 1009 3177 ni
1031 3112 1144 3193 fallor,
1172 3109 1335 3174 Volcanus
1357 3108 1506 3183 vincula,
1529 3107 1656 3202 quaein
1760 3192 1762 3194 q

126 3219 275 3285 manibus
297 3217 401 3303 tenet,
425 3243 561 3309 quaeque
582 3230 767 3288 monstrans
791 3220 878 3287 etin
900 3223 1001 3287 altum
1023 3219 1182 3293 extollens
1199 3215 1353 3282 manifest
1340 3225 1373 3281 ta
1392 3216 1571 3297 servitutis,
1592 3239 1657 3338 qua

127 3349 240 3392 omnes
273 3327 324 3392 dei
358 3338 493 3414 excepto
461 3327 612 3394 tJove
641 3328 827 3416 opprimant
828 3351 878 3410 ur,
920 3329 1014 3413 signa
1047 3331 1119 3392 esse
1151 3349 1217 3391 non
1250 3327 1339 3410 sine
1351 3323 1527 3415 acerbitate
1557 3323 1657 3388 animi

127 3433 255 3498 clamat.
299 3428 388 3499 Finit
375 3443 442 3499 tam
471 3445 579 3500 autem
610 3457 683 3501 esse
713 3436 798 3507 hanc
827 3435 867 3500 de
897 3435 992 3501 Jovis
1022 3443 1135 3521 potent
1136 3432 1167 3498 ia
1197 3431 1468 3520 disceptationem
1494 3397 1688 3516 signifieat
1717 3438 1724 3451 “

127 3541 255 3605 verbis:
278 3545 371 3607 κουδ
357 3555 391 3607 ν
413 3545 566 3608 αντεατεῖν
587 3542 668 3620 ἔχω,
691 3544 724 3609 in
746 3543 863 3632 quibus
885 3544 941 3632 qui
962 3538 1004 3609 ad
1024 3541 1218 3618 infinitivum
1237 3526 1439 3629 supplendus
1459 3549 1510 3605 est
1529 3536 1656 3625 dativus

128 3645 238 3713 nescio
261 3670 302 3712 an
324 3647 440 3714 fortius
463 3646 615 3716 etiamet
583 3652 825 3740 etsimplicius
838 3675 967 3741 quam
963 3662 999 3718 ut
1027 3650 1127 3736 vulgo
1149 3650 1199 3733 fit,
1230 3661 1297 3724 σοί,
1327 3645 1528 3735 supplendus
1551 3645 1657 3736 potius

129 3753 171 3819 sit
200 3749 316 3830 αὐτοῖς,
347 3765 383 3821 ut
410 3755 556 3842 ipsorum
585 3758 788 3826 vinculorum
812 3760 1000 3843 necessitati
1029 3782 1123 3825 suum
1154 3782 1188 3823 se
1216 3754 1385 3823 arbitrium
1406 3778 1571 3850 opponere
1592 3778 1659 3821 non

129 3884 227 3948 posse
249 3873 404 3948 queratur
425 3856 599 3930 Volcanus.
643 3865 744 3933 (laius
776 3867 932 3933 cavillans
954 3889 1126 3931 maerorem
1148 3866 1262 3931 Robur
1278 3862 1429 3935 eodem
1420 3885 1454 3928 ττι
1476 3861 1659 3928 describen-

130 3967 179 4033 dis
194 3968 341 4065 vipeulis
362 3970 554 4058 pronomine
581 3985 627 4039 utr
617 3973 852 4057 ividetur,
828 3999 855 4039 τι
886 3973 1017 4063 quidem
1048 3973 1187 4040 Medicei
1216 3971 1292 4036 libri
1322 3969 1549 4037 auctoritatem
1571 3979 1659 4035 recte

129 4086 273 4160 tuemur,
296 4077 329 4186 in
352 4101 415 4165 quo
437 4074 537 4166 script
537 4103 592 4144 um
615 4091 683 4146 est:

378 4258 496 4322 οὔκουν
517 4263 629 4337 ἐπείξει
651 4263 772 4324 τῶνδε
794 4261 923 4342 δεσμά
945 4264 1147 4342 περιβαλεῖν,·
1249 4346 1253 4356 ⁸

131 4435 163 4499 h.
188 4459 215 4499 e.
241 4458 366 4514 „nonne
389 4436 488 4522 igitur
510 4439 700 4531 properabis
723 4441 995 4505 ferramentorum
1018 4439 1154 4508 istorum
1176 4440 1330 4526 ligamina
1351 4436 1562 4504 circumieere
1576 4435 1612 4499 po
