3826 5318
650 1291 1203 1486 'ruuorlrrouss

817 1668 1046 1683 Q—
1072 1666 1075 1670 ⁴

252 2027 279 2109 ¹]
301 2027 425 2108 Κράτος
452 2033 485 2091 et
509 2031 593 2087 Βίαν
619 2023 674 2111 qui
701 2019 898 2120 Scytharum
918 2019 1167 2088 Atheniensium
1188 2022 1301 2089 habitu
1322 2023 1451 2090 indutos
1474 2024 1535 2091 sibi
1555 2026 1693 2111 tingunt,

169 2106 296 2173 ridiculi
319 2117 396 2173 sunt
415 2129 488 2172 cum
509 2105 581 2171 aliis
604 2127 646 2170 ex
666 2123 772 2170 causis
799 2111 869 2170 tmn
890 2103 977 2191 quod
998 2110 1122 2171 marem
1143 2121 1218 2170 esse
1234 2110 1323 2173 ,Βίαν
1345 2107 1512 2172 somniare
1576 2119 1599 2175 t
1640 2110 1696 2174 An

168 2212 243 2255 cum
263 2189 326 2255 duo
346 2189 523 2255 liberorum
537 2186 630 2276 paria
650 2208 669 2253 a
688 2184 792 2273 Styge
811 2196 888 2252 nata
908 2207 982 2252 esse
1001 2187 1150 2254 dicantur
1169 2184 1211 2252 ab
1230 2186 1374 2255 Hcsrodo
1395 2186 1518 2276 lhteog.
1533 2192 1594 2259 385
1608 2193 1696 2338 sqqp

168 2276 274 2351 Ζῆλος
298 2282 331 2337 et
359 2280 460 2351 Νίκη,
487 2272 615 2353 Κράτος
635 2279 668 2335 et
688 2276 768 2345 Βία,
798 2269 978 2336 Victoriam
1006 2290 1134 2358 quoque
1161 2271 1248 2336 inter
1268 2289 1375 2336 mares
1396 2267 1574 2358 relegaturi
1595 2284 1671 2340 sunt

169 2353 214 2419 Et
236 2354 412 2420 scholiasta
433 2377 510 2439 num
530 2340 685 2419 teduinum
706 2352 833 2431 τοξότην
853 2349 1054 2418 intellexisse
1076 2351 1259 2418 credendus
1281 2363 1344 2437 est,
1367 2376 1442 2421 eum
1464 2354 1506 2422 ad
1525 2378 1556 2420 v.
1578 2358 1619 2421 12
1640 2355 1694 2422 ad-

169 2436 353 2525 scripserit:
376 2439 410 2502 ἒν
431 2435 715 2520 παραχορηγῆματν
735 2435 820 2514 αὐτῷ
841 2436 1208 2514 οἱδωλοποιηθεῑαα
1228 2440 1316 2500 ntur
1437 2503 1438 2507 ,

252 2619 280 2701 ²)
299 2615 366 2683 Ubi
382 2615 562 2683 constiterit
575 2616 693 2681 chorus
710 2613 739 2678 si
751 2612 884 2701 queris,
908 2613 1099 2702 simpliciter
1108 2598 1316 2702 ¹respoudecr
1334 2633 1409 2682 nem
1433 2638 1455 2698 e
1465 2617 1501 2697 in
1515 2618 1712 2702 Μαρια.Γ

231 2708 343 2786 tquam
368 2720 388 2767 a
414 2718 513 2765 curru
537 2695 622 2764 alato
648 2699 783 2763 humum
808 2695 978 2762 descendit
1004 2699 1080 2782 (274
1107 2717 1178 2797 sqq.
1205 2698 1267 2762 teo
1293 2716 1364 2786 sqq.
1393 2722 1408 2762 s
1451 2687 1586 2765 6Ῑῖἶῆ
1608 2703 1693 2786 286)

168 2721 381 2848 diihcstram
402 2792 511 2848 autem
532 2781 629 2868 paulo
652 2778 817 2846 elatiorem
839 2778 953 2861 fuisse,
980 2789 1016 2846 ut
1040 2789 1160 2846 montis
1190 2779 1339 2868 quadam
1366 2779 1476 2868 imago
1498 2782 1691 2866 efficeretur,

168 2862 304 2931 indicari
327 2886 406 2929 sane
428 2862 556 2929 videtur
576 2862 702 2929 verbis:
736 2864 963 2946 ὀκριοέσσῃ
987 2868 1080 2939 χθονὶ
1105 2867 1174 2947 τῇδε
1200 2866 1283 2927 πελῶ
1303 2864 1413 2948 (283),
1442 2864 1499 2929 uhi
1520 2865 1693 2932 scholiasta

168 2946 354 3013 adnotavit:
379 2953 557 3026 προσέθηκε
578 2950 648 3028 τῇδε
670 2943 735 3008 διὰ
755 2944 826 3007 τὸν
846 2946 1083 3008 Καύκασον·
1106 2949 1144 3009 οὗ
1165 2944 1226 3027 γὰρ
1247 2950 1339 3010 παῖσα
1358 2951 1398 3028 γῆ
1418 2947 1551 3028 σκληρά.
1583 2947 1693 3013 Infeli-

168 3028 333 3096 cissimam
354 3037 467 3094 contra
489 3042 561 3093 esse
582 3026 687 3092 iudico
708 3026 750 3090 A.
773 3023 1002 3091 Schoeuhornii
1030 3027 1256 3114 suspitionem,
1286 3028 1395 3114 quiin
1417 3028 1500 3094 libro
1523 3026 1563 3093 dc
1585 3052 1693 3096 scaena

168 3111 345 3197 diligenter
371 3109 491 3199 scripto
518 3111 564 3197 [p.
592 3111 652 3174 292
679 3109 768 3195 sqq.)
796 3130 870 3172 cum
898 3118 1025 3174 ceteros
1052 3119 1178 3176 actores
1205 3131 1319 3174 omnes
1346 3119 1415 3175 tum
1438 3111 1570 3177 chorum
1592 3122 1693 3177 totam

192 3216 227 3260 er
247 3193 393 3260 fabulam
414 3194 448 3257 in
492 3191 588 3257 luteis
610 3202 776 3256 versatum
798 3211 872 3255 esse
894 3191 1041 3257 coniecit.
1084 3186 1196 3257 Finxit
1220 3192 1318 3289 igitur
1337 3191 1372 3256 in
1393 3191 1538 3258 eiusdem
1560 3193 1693 3281 parietis

199 3285 275 3343 onte
295 3265 445 3362 aequabrh
467 3264 556 3340 velut
578 3272 801 3368 anaglyphum
845 3271 1003 3355 uoddam,
1031 3283 1066 3338 ut
1086 3274 1166 3339 mihi
1187 3274 1317 3373 qurdem
1340 3274 1562 3341 difficillimum
1584 3277 1627 3342 sit
1646 3277 1693 3342 in-

168 3359 317 3441 telleotn‚
341 3357 502 3445 quomodo
525 3357 587 3421 nisi
608 3356 694 3420 limis
715 3354 818 3420 oculis
869 3357 1071 3438 rometheus,
1100 3368 1136 3422 ut
1157 3379 1248 3422 curus
1270 3355 1387 3422 collum
1409 3380 1537 3446 quoque
1559 3382 1614 3424 seo
1639 3361 1692 3426 ulo

168 3440 311 3508 adfixum
333 3452 421 3507 essct
441 3441 525 3524 (54),
547 3438 600 3503 vol
622 3437 811 3525 conspicere
833 3438 976 3524 potuerit
995 3437 1140 3525 reliquos
1163 3462 1182 3503 a
1203 3439 1305 3503 latore
1327 3439 1388 3504 sibi
1408 3438 1583 3527 adpositos.
1640 3465 1693 3508 am

170 3524 212 3591 de
232 3523 349 3590 ceteris
371 3520 546 3610 agendae,
569 3543 636 3585 non
658 3517 832 3585 recitandae
854 3529 980 3586 tantum
1001 3520 1119 3586 fabulas
1142 3519 1382 3586 difficultatibus
1402 3543 1444 3585 ne
1465 3522 1603 3588 verbum
1624 3525 1693 3613 qui·

169 3606 245 3673 dem
271 3603 393 3672 addere
420 3626 502 3693 opus
530 3613 591 3668 est.
635 3600 708 3680 Quo
735 3611 844 3666 autem
871 3602 1012 3667 maxime
1039 3613 1235 3669 commotum
1262 3625 1297 3667 se
1320 3602 1396 3668 dicit
1416 3602 1465 3669 vir
1486 3603 1692 3672 doctissimus

169 3696 377 3775 argumento,
406 3686 493 3775 quod
513 3686 546 3750 in
569 3694 723 3751 extreme
744 3683 861 3749 fabule
882 3684 985 3750 turbis
1008 3685 1086 3771 quid
1108 3685 1164 3751 fiat
1184 3685 1316 3774 puellis,
1344 3686 1438 3751 aliter
1459 3686 1606 3774 intellegi
1627 3712 1694 3754 non

169 3771 273 3859 possit
296 3768 361 3856 (sic
386 3768 474 3834 enim
500 3778 556 3834 aut
582 3766 743 3832 nubecula
763 3765 871 3853 aliqua
891 3767 965 3832 obte
992 3765 1000 3781 '
1023 3778 1079 3833 aut
1099 3768 1164 3834 levi
1188 3769 1295 3856 aliquo
1316 3790 1487 3856 corporum
1508 3781 1598 3836 motu
1620 3792 1693 3836 eva-

169 3874 304 3919 nescere
348 3850 499 3936 otuisse),
530 3849 634 3915 estid
656 3871 734 3915 sane
756 3848 800 3914 ali
824 3847 893 3931 uid,
927 3872 962 3914 se
1006 3849 1070 3914 alia
1090 3852 1237 3938 profecto
1260 3852 1401 3938 quadam
1422 3850 1546 3918 ratione
1569 3852 1694 3919 solven-

169 3934 256 4002 dum.
332 3956 385 3999 am
407 3942 578 4021 postquam
602 3930 787 3997 adhortanti
845 3931 970 3996 ercurio
991 3934 1093 3996 τόπων
1109 3934 1189 4015 μετά
1207 3958 1268 3997 που
1289 3935 1406 4013 χωρεῖτ’
1429 3944 1465 3998 ἐκ
1486 3937 1580 3998 τῶνδε
1600 3942 1693 4012 θοῶς,

168 4017 213 4099 μὴ
245 4030 366 4100 φρένας
395 4020 487 4098 ὑμῶν
517 4017 669 4094 {lutacium
696 4019 831 4094 βροντῆς
859 4016 976 4096 μύκημ’
1009 4017 1188 4096 ἀτέραμνον
1215 4015 1313 4100 (1062
1342 4016 1430 4103 sqq.)
1455 4036 1509 4080 res
1534 4016 1696 4084 ondcrunt

168 4100 264 4185 (1067
283 4100 377 4246 νομαὶ
388 4120 564 4185 numquam
583 4120 617 4162 se
638 4081 824 4161 deserturus
845 4118 916 4162 esse
936 4095 1090 4180 amicum,
1111 4096 1294 4162 Mercurius
1311 4108 1419 4162 autem
1433 4121 1464 4162 v.
1480 4100 1498 4163 1
1522 4101 1695 4165 'rs-1083

170 4180 275 4269 planis
297 4203 356 4247 ver
379 4183 406 4246 is
427 4178 589 4268 predixit,
624 4188 748 4244 eertum
771 4176 804 4241 in
831 4178 950 4244 malum
971 4178 1042 4244 illas
1064 4178 1271 4267 inprudentia
1293 4201 1351 4244 sua
1372 4179 1518 4260 inruere,
1546 4180 1696 4247 risissent

85 4320 117 4392 2
170 4264 548 4411 ῙᾸηοῑοοιρΠηῐὲοοῑηηὲηοη,
572 4257 958 4407 sitnihilomritnuqsaliqua
979 4263 1130 4408 machinp
1148 4285 1168 4327 a
1188 4261 1342 4408 peripulis
1365 4272 1511 4327 servatas
1526 4262 1694 4329 vidissent.

82 4435 108 4453 ·
171 4356 380 4529 drmit
399 4363 961 4520 r'tttlttlttsspsrlrh
971 4365 1159 4491 thiar
1172 4354 1568 4510 stuliltltttttti
1585 4368 1696 4493 titt

172 4510 407 4578 descnbitura
456 4508 622 4576 rometheo
643 4508 740 4592 [1085
761 4508 860 4595 sqq),
891 4528 957 4572 suus
983 4507 1085 4574 oculis
1112 4518 1312 4595 spectatores
1333 4511 1547 4575 intuerentur.
1590 4450 1695 4576 immo
