3826 5318
779 383 1022 480 ..512-

140 589 173 645 et
194 576 312 644 deinde
334 575 459 643 duobus
478 550 591 662 (1003)
605 573 755 670 uersibus
771 596 838 641 non
856 574 1060 661 obiurgando
1076 583 1113 640 nt
1127 583 1238 658 antea,
1263 575 1324 642 scd
1338 577 1443 644 lenius
1458 576 1663 644 adhortando

139 694 281 752 atrocem
302 684 490 752 Promethei
510 683 655 751 animum
675 682 807 771 placare
828 692 978 767 conatur,
1000 684 1056 771 qui
1075 693 1187 749 tamen
1205 703 1245 751 ec
1261 690 1425 771 precepta
1442 686 1550 750 acrius
1566 683 1665 772 etitem

140 799 175 858 et
195 791 345 858 acerbius
366 790 493 882 respuit
510 791 773 877 (1005-1010).
808 789 892 855 Haec
913 799 1022 856 autem
1044 799 1192 858 exhema
1212 812 1286 856 cum
1308 793 1436 879 etipsa
1458 790 1572 857 decem
1593 812 1665 857 ver-

100 882 106 895 ⁸
141 899 231 966 sibus
253 901 352 984 (1001
365 938 400 950 —
416 900 514 984 1010)
534 899 774 979 contineantur,
802 897 913 962 nescio
941 919 985 962 an
1011 896 1301 965 consulte‘ultimis
1322 919 1393 985 quae
1415 900 1664 966 memoravimus

140 1006 216 1091 (991
228 1007 374 1091 -1000)
394 1003 583 1072 Promethei
602 1003 765 1071 mandatis
783 1005 877 1091 paria
898 1024 971 1069 esse
992 1004 1132 1070 voluerit
1150 1003 1347 1091 Aeschylus.

224 1110 433 1200 Quamquam
454 1134 528 1177 cum
548 1111 611 1179 hoc
632 1120 701 1179 tum
725 1112 789 1178 alia
816 1111 987 1193 nonnulla,
1014 1133 1087 1199 quac
1109 1119 1207 1178 erunt
1231 1114 1302 1178 sine
1323 1111 1422 1178 dubio
1444 1114 1499 1200 qui
1519 1113 1665 1198 argutius

142 1244 239 1309 quam
260 1221 372 1287 verius
393 1243 445 1288 me
466 1220 583 1288 iecisse
606 1222 761 1305 clament,
784 1222 917 1289 nonita
938 1221 1075 1309 protuli,
1101 1218 1195 1309 quasi
1217 1218 1398 1286 certissima
1416 1217 1550 1285 inventa
1571 1242 1666 1308 spon-

143 1327 251 1409 deam,
275 1327 334 1393 sed
353 1336 390 1394 ut
412 1330 447 1394 in
467 1329 553 1395 hanc
574 1350 703 1417 quoque
724 1330 857 1417 tragicae
880 1331 958 1395 artis
984 1337 1111 1416 partem
1138 1350 1206 1394 non
1233 1348 1312 1393 sane
1336 1327 1552 1393 futilissimam
1573 1350 1666 1394 accu-

142 1436 242 1501 ratius
264 1457 361 1523 quam
389 1435 461 1501 fieri
482 1419 573 1503 ¹solet
596 1437 825 1524 inquirendum
847 1456 920 1502 esse
941 1456 1119 1501 monerem.
1161 1437 1209 1500 At
1228 1456 1295 1500 non
1316 1435 1446 1501 omnino
1468 1435 1584 1502 saltem
1605 1434 1667 1501 dis-

142 1542 266 1629 plicere
293 1542 393 1608 velim
420 1542 685 1611 ratiocinationes
716 1566 806 1609 meas
841 1541 1104 1628 ingeniosissimo
1135 1542 1328 1630 Aeschyleae
1362 1543 1441 1608 artis
1474 1543 1596 1609 arbitro
1629 1567 1667 1609 ac

143 1647 322 1713 restitutori
353 1648 612 1716 FRIDERIGO
645 1647 916 1715 THEOPHILO
949 1647 1231 1733 WELOKERO,
1265 1651 1317 1716 cui
1350 1650 1458 1717 oblata
1474 1651 1551 1718 *hac
1584 1673 1667 1717 eom-

141 1753 311 1819 mentandi
358 1755 599 1842 opportunitate
649 1754 899 1822 semisaecularia
940 1754 1084 1819 muneris
1129 1755 1306 1822 academici
1347 1757 1446 1842 longe
1488 1756 1669 1824 clarissima

142 1858 332 1926 REOTOR
364 1859 427 1929 ΕΤ
459 1860 671 1928 SENATVS
701 1861 930 1927 Vniversitatis
963 1869 1083 1927 nostroe
1114 1862 1338 1928 venerabundi
1370 1886 1498 1929 mecum
1534 1886 1668 1949 congra-

142 1965 297 2032 tulantur.
